4100 6009
745 956 909 1022 ..53-
1033 900 1039 969 .'

337 1170 486 1245 atrorum
510 1172 544 1248 in
572 1158 659 1243 faeie
684 1170 843 1242 eoctesiae
861 1169 1014 1241 illustris,
1036 1158 1213 1263 Scriptura
1235 1161 1318 1242 veru

337 1294 577 1391 quidesserit‘t
592 1292 658 1382 Oui
670 1292 753 1363 mate
767 1291 849 1388 uqit,
867 1291 934 1362 odit
948 1292 1060 1363 noenu
1081 1294 1223 1387 AEquiue
1235 1284 1317 1365 sune

337 1411 486 1491 diruerim
510 1427 644 1489 vestras
659 1414 982 1491 navarenuissimas·
1002 1414 1270 1501 Domiuationee,
1297 1429 1318 1487 a

336 1538 543 1635 Theophane
553 1536 866 1631 Hierosolymitano
884 1528 1119 1630 inauguratae,
1132 1553 1200 1617 non
1219 1553 1319 1633 posse

335 1662 488 1757 legitima
504 1660 769 1754 inauguratione
785 1664 895 1732 suaet
915 1650 1079 1735 missione
1091 1660 1254 1755 gaudere.
1276 1662 1319 1733 Et

334 1783 428 1876 quod
437 1782 692 1877 indaeaquitur,
704 1781 916 1867 euoerdotes,
928 1804 948 1853 a
961 1771 1062 1854 vobis
1072 1782 1236 1869 initiatos,
1254 1803 1317 1877 pu-

338 1926 396 1979 ros
407 1917 576 2003 notosque
584 1926 660 1979 esse
676 1905 793 1978 laicos,
804 1903 918 1999 Atque
934 1885 981 1977 ita
990 1906 1197 1977 asseruerim
1210 1918 1244 1977 et
1261 1928 1319 1979 re·

336 2041 457 2123 speetu
473 2009 694 2113 conterentis,
710 2034 747 2099 et
755 2037 914 2121 respectu
929 2027 1078 2113 ittorum,
1095 2026 1319 2120 quibuscun-

336 2150 523 2222 terebatur.
543 2146 729 2222 conterens
753 2160 848 2221 certe
862 2148 1065 2242 illegitimus
1080 2149 1144 2221 run
1161 2150 1314 2223 collator.

336 2272 425 2344 Nam
438 2282 473 2344 et
489 2271 583 2368 apud
603 2279 738 2343 vestras
752 2271 1073 2345 Reverendissimas
1092 2272 1321 2355 Paternitutes

337 2392 532 2467 canonibus
549 2395 720 2467 sancitum
741 2378 1180 2489 :quemlibet'epiecopum
1204 2396 1239 2467 in
1257 2416 1320 2469 suo

337 2519 542 2615 episcopatu
579 2518 811 2614 episeopalem
840 2516 1117 2609 iurisdietionem
1154 2538 1321 2592 exercere

339 2640 482 2715 debere.
511 2642 545 2712 la
578 2652 694 2713 autem
728 2641 955 2735 Theophanes
996 2639 1166 2733 numquid
1194 2640 1230 2710 in
1259 2658 1321 2713 sua

337 2763 482 2837 dioeoesi
500 2763 541 2856 (ai
556 2783 677 2835 verum
706 2763 777 2855 egit
799 2762 1043 2855 patriarcham,
1061 2762 1153 2857 quod
1168 2762 1317 2857 ambigi-

338 2892 397 2956 tur
413 2913 420 2955 :
436 2885 550 2956 forsan
568 2884 662 2957 anim
687 2883 774 2956 alius
789 2894 842 2956 ast
854 2885 1041 2980 superstes]
1063 2884 1214 2957 officinm
1232 2884 1320 2976 juria

337 3006 576 3103 patriamhatis
591 3007 772 3083 exercuit?
788 3007 922 3078 Dixerit
949 3028 1033 3079 saue
1058 3006 1180 3079 Vestra
1197 3008 1320 3099 Pater-

338 3130 441 3215 nitaa‚
469 3150 490 3201 a
520 3130 892 3225 consuminopotitano
921 3150 1000 3201 eum
1030 3129 1226 3203 facultatem
1256 3130 1321 3203 ha-

338 3254 469 3327 buisse.
498 3256 561 3327 nro
583 3276 648 3350 ego
678 3255 818 3351 proprio
842 3236 977 3327 varra
1007 3251 1320 3329 reverendissime

336 3376 558 3450 Paternitatis
567 3378 602 3449 in
613 3377 771 3449 eamdem
787 3389 864 3449 utar
876 3377 959 3463 teto,
971 3394 1043 3471 quo
1054 3388 1190 3451 nostroe
1204 3376 1321 3471 inique

338 3500 473 3602 impetit
492 3509 660 3595 pastores.
678 3501 716 3569 tu
734 3499 880 3572 ecclesia
892 3500 1046 3571 Romana
1062 3517 1251 3591 numquam
1269 3499 1321 3569 le-

337 3621 459 3716 gitima
473 3621 598 3695 dotent
611 3623 795 3709 aureamin,
808 3623 900 3695 unde
914 3621 1070 3715 legitima
1084 3625 1223 3714 quoque
1236 3640 1322 3690 oon-

339 3733 472 3817 tinuuta
486 3744 614 3828 misaio',
624 3758 662 3818 et
674 3757 927 3843 consequenter
937 3745 1058 3829 nostri,
1069 3741 1128 3837 qui
1141 3741 1185 3815 ab
1197 3742 1320 3816 eadem

340 3858 423 3937 aunt
434 3863 542 3953 misni,
560 3868 713 3961 legitime
729 3868 822 3941 missi
838 3877 930 3941 sunt.
948 3867 1005 3939 Ait
1024 3855 1147 3939 Vestra
1160 3863 1320 3935 Paterni-

340 4000 409 4075 tae,
427 3989 581 4062 nerninem
594 4013 687 4087 porse
698 3990 790 4080 dore,
808 3990 891 4089 qnod
910 3976 973 4062 mn
983 3986 1102 4061 nnuc.
1122 3988 1320 4061 Patriarctra

341 4122 461 4185 voster
474 4110 623 4208 Cyriltns
639 4114 824 4188 haereticus
841 4127 905 4202 est,
924 4113 1019 4209 quod
1043 4113 1108 4209 ipsi
1126 4104 1221 4183 certo
1237 4130 1320 4182 oer-

337 4236 413 4313 rius
423 4246 577 4331 pateant
590 4238 674 4311 mihi
687 4239 732 4311 ab
756 4240 830 4335 ipsa
848 4269 855 4311 :
874 4258 942 4311 non
956 4245 1009 4310 est
1021 4236 1126 4331 igitur
1139 4237 1173 4306 in
1190 4233 1322 4329 gremio

340 4356 501 4429 ecctoeiar
517 4360 589 4432 Dei.
604 4360 760 4446 Quanam
774 4385 860 4454 argo
874 4363 1018 4448 ratione,
1036 4382 1114 4432 oum
1129 4378 1198 4431 uon
1213 4358 1256 4429 sit
1268 4376 1323 4425 ee

1209 4464 1226 4517 t
