4100 6009
1091 916 1252 979 ...76-

680 1135 832 1200 sanctam
857 1126 932 1216 ejus
948 1144 1071 1219 precor
1099 1122 1385 1211 benedictionem,
1409 1146 1477 1221 qua
1505 1125 1659 1217 adjutus,

680 1247 813 1323 etiamsi
833 1240 1009 1317 infirmum
1025 1256 1062 1317 et
1078 1244 1353 1339 indignissimum
1367 1246 1433 1318 sim
1449 1248 1661 1321 instromen-

681 1377 766 1454 tum,
782 1368 910 1464 possim
917 1376 953 1440 ct
960 1365 1080 1459 uiishi
1090 1366 1370 1461 itaDeoOptimo,
1386 1366 1538 1441 Maximo
1546 1370 1660 1441 visum

682 1490 797 1585 tuerit)
817 1510 937 1562 ansam
952 1488 1182 1565 convertendi
1195 1488 1280 1561 dare
1296 1490 1534 1563 schismaticis.
1550 1492 1660 1577 Quam

683 1616 773 1687 Deus
784 1614 942 1687 ecciesiae
955 1614 1239 1689 sauotaectc.1)ia
1254 1614 1393 1705 thjuhi,
1411 1614 1558 1687 Dubnae.
1588 1643 1606 1683 »

684 1969 1029 2057 corstitutionum,
1045 1972 1220 2069 protectori
1237 1972 1372 2057 nuum,
1391 1971 1539 2045 Maeuius
1562 1971 1662 2045 Smo-

1012 2130 1015 2139 ·
1099 2094 1240 2169 triusion.

735 2398 754 2435 u
769 2370 978 2443 Benedictus
990 2370 1036 2442 sit
1051 2370 1281 2455 Deusnoster,
1296 2370 1387 2441 Deus
1402 2369 1663 2443 misericordia-

683 2494 836 2587 rum,qui
851 2493 1203 2566 misericordiamvult
1212 2501 1323 2565 etnoo
1337 2490 1554 2565 sacrificium.
1565 2494 1662 2565 Hanc

682 2638 767 2689 vero
783 2616 995 2689 voluntatem
1008 2616 1101 2687 iilius
1117 2615 1152 2685 in
1166 2636 1223 2687 ma
1237 2614 1311 2711 ipso
1329 2625 1366 2686 ut
1384 2624 1478 2687 certe
1493 2636 1657 2708 agnosco,

572 2722 575 2729 ¹
684 2739 729 2810 itu
744 2739 846 2811 dulce
860 2738 1033 2833 experior.
1051 2739 1237 2812 Multorum
1255 2737 1349 2809 enim
1365 2760 1535 2811 annorum
1550 2739 1662 2812 schis-

685 2862 860 2945 maticum,
875 2860 958 2955 quin
975 2860 1204 2931 schismaticae
1229 2860 1409 2955 phalangis
1420 2859 1558 2948 ducem,
1577 2862 1663 2936 alios

684 2985 729 3057 ad
748 2985 888 3069 insenos,
915 2982 1088 3070 doctrina,
1113 2983 1261 3078 scriptis,
1288 2996 1324 3055 et
1347 2984 1508 3077 exemplo
1531 3004 1661 3077 provo-

684 3115 834 3192 cantem,
853 3106 901 3177 nil
922 3106 1017 3179 aliud
1031 3106 1098 3179 nisi
1113 3106 1214 3198 hujus
1231 3104 1351 3177 saecuh
1370 3115 1405 3176 et
1427 3105 1533 3176 futuri
1547 3125 1660 3199 poenae

684 3239 899 3303 manserunt.
920 3231 1050 3303 Verum
1072 3231 1264 3314 enimvero,
1284 3229 1474 3323 opitulante
1490 3229 1566 3321 ejus
1581 3252 1661 3323 gua·

684 3357 745 3444 tia,
763 3356 824 3450 qui
841 3366 1001 3449 segregat
1018 3378 1099 3427 suos
1121 3356 1166 3427 ab
1184 3363 1283 3425 utero
1303 3351 1433 3431 matris,
1454 3362 1662 3447 cooperante

686 3481 913 3555 illustrissimo
925 3500 1004 3551 meo
1023 3488 1174 3575 pastore,
1190 3478 1297 3549 totius
1310 3477 1445 3548 Russiae
1459 3474 1661 3568 metmpoli-

685 3614 780 3688 tano,
794 3601 854 3695 qui
869 3623 889 3673 a
906 3601 1022 3673 multis
1040 3600 1121 3672 hinc
1147 3598 1247 3671 annis
1260 3618 1349 3669 meae
1365 3597 1469 3669 saluti
1490 3595 1658 3693 inhiabat,

684 3726 897 3800 allaborante
923 3724 1074 3819 denique
1101 3722 1393 3795 excellentissimo
1417 3720 1507 3793 duca
1523 3720 1662 3792 domino

688 3848 890 3921 Alexandro
910 3846 954 3918 de
976 3846 1109 3932 Zaslav,
1135 3846 1286 3941 palatino
1297 3842 1542 3927 Braslaviensi,
1562 3841 1660 3937 quia

683 3975 793 4070 prima
806 3994 940 4043 mecum
966 3972 1087 4043 notitia
1102 3969 1223 4043 modos
1242 3980 1276 4040 et
1293 3967 1407 4039 media
1429 3966 1547 4039 salutis
1571 3988 1660 4038 meae

683 4118 868 4193 procurare
902 4094 1178 4189 dignatusest:
1211 4091 1314 4163 hodie
1347 4091 1508 4186 primum,
1526 4089 1660 4179 ejurato

683 4221 881 4305 schismate,
892 4222 926 4290 S.
939 4216 979 4289 D.
992 4220 1022 4288 N
1028 4275 1052 4303 .,
1069 4217 1156 4313 patri
1171 4214 1427 4287 orhisuniversi
1440 4212 1663 4285 etPetrisuc-

683 4343 823 4428 cessuri,
843 4334 995 4413 reddens
1008 4341 1255 4425 obedientiam,
1272 4358 1311 4408 ac
1329 4338 1363 4407 in
1387 4337 1545 4408 manibus
1560 4336 1663 4407 ilius-
