4100 6009
767 947 952 1012 -127-

363 1158 533 1232 duntaxat
551 1157 784 1245 Vilnensibns,
803 1155 1047 1230 verumetiam
1070 1157 1230 1229 omnibus
1251 1177 1344 1230 com·

361 1289 497 1376 peteret
519 1280 699 1367 Ruthenis,
725 1279 908 1352 Paroeuesis
933 1277 977 1350 cd
1000 1277 1158 1350 antimi
1177 1276 1346 1350 autharum

361 1404 502 1476 nomine
530 1424 608 1476 eam
639 1401 785 1475 donavit
812 1402 1005 1498 epistolam.
1038 1399 1151 1497 Atque
1179 1400 1346 1496 imprimis

363 1534 533 1599 memorat
550 1547 631 1620 qnae
651 1537 732 1598 ante
750 1526 975 1621 rescripserat
996 1550 1003 1594 :
1022 1544 1069 1595 ne
1078 1530 1275 1596 metuerent
1285 1522 1345 1592 ui-

365 1645 504 1733 delicet,
525 1655 565 1718 ut
591 1646 766 1741 tripartito
790 1645 1035 1742 dispertiretur
1052 1644 1222 1730 Russiam,
1249 1642 1347 1734 cujus

364 1765 541 1862 bipartitae
569 1767 730 1839 unionem
760 1775 970 1862 peroptaret.
1005 1765 1093 1837 Male
1119 1785 1196 1837 esse
1222 1763 1346 1857 bipar-

361 1889 484 1976 ilenti,
500 1889 594 1984 quod
608 1889 768 1962 solatiam
781 1889 950 1974 futurum,
970 1886 1143 1982 tripertito
1156 1883 1348 1958 dividenti?

366 2013 436 2086 Sed
463 2015 538 2087 illoe
564 2025 636 2088 tum
667 2015 780 2088 lorsan
806 2023 987 2086 curaturus
1017 2011 1142 2084 divisae
1168 2010 1345 2094 unionem,

368 2153 446 2205 cnm
474 2136 563 2206 uniri
586 2157 655 2209 non
680 2133 817 2230 poterit.
836 2133 882 2206 At
907 2155 945 2205 se
967 2132 1071 2205 enixe
1096 2153 1211 2218 orare,
1229 2140 1267 2203 nt
1283 2153 1348 2202 sn-

368 2277 488 2349 prema
509 2258 586 2330 caeli
611 2266 783 2350 terreque
806 2256 979 2346 majestas,
999 2257 1102 2347 juxta
1120 2255 1213 2326 velle
1232 2275 1346 2338 sunm,

369 2397 428 2450 eos
448 2377 494 2451 ad
511 2402 632 2466 unum,
660 2400 724 2475 pro
741 2380 851 2450 salute
864 2377 1035 2462 omnium,
1059 2375 1271 2471 disponeret.

416 2500 586 2574 Caeternm
609 2500 759 2576 indicta
781 2497 957 2585 Paruumi,
981 2499 1080 2591 cujus
1104 2499 1163 2571 hic
1184 2518 1292 2594 usque
1312 2507 1349 2569 et

370 2645 479 2720 usque
499 2625 673 2699 modicum
694 2645 784 2719 pono
807 2613 962 2710 succum,
983 2622 1171 2717 respondet
1194 2646 1201 2689 :
1236 2647 1254 2690 u
1276 2623 1349 2692 Neo

368 2748 575 2839 quaesituros
594 2768 668 2834 ece,
693 2767 758 2818 uec
782 2745 981 2832 miraturos,
1001 2767 1065 2818 cur
1088 2745 1163 2841 ipse
1185 2745 1347 2816 unionem

365 2871 649 2966 amplecteretur,
668 2869 698 2941 si
714 2889 815 2963 aeque
832 2867 978 2939 aliorum
997 2867 1131 2940 Russiae
1146 2867 1345 2954 doctorum,

369 3003 473 3088 atque
486 2995 539 3066 sui
550 2994 660 3089 ipsius
671 3012 797 3064 novam
811 2989 1031 3084 theologiam,
1047 3011 1068 3062 e
1083 3001 1167 3086 typo
1178 2992 1344 3087 ipsorum,

373 3116 418 3189 ud
428 3128 626 3189 extremam
645 3115 779 3188 Russiae
795 3113 985 3209 ,perniciem
1009 3113 1179 3210 prodiisse
1196 3135 1350 3210 perpen-

371 3239 504 3312 derent.
532 3239 631 3325 Quod
652 3261 690 3312 se
717 3239 851 3332 ipsum,
879 3235 1004 3328 quibas
1024 3234 1223 3326 debuisset,
1247 3239 1350 3312 etiam

372 3366 568 3457 privatum,
588 3363 718 3458 saepius
742 3358 973 3431 instillavisse.
993 3360 1135 3431 Factum
1156 3360 1352 3456 archiepie-

374 3505 512 3580 copum,
528 3486 630 3580 longe
655 3485 782 3557 clarius
797 3483 955 3581 pluribus
971 3483 1227 3556 monstravisse.
1248 3482 1352 3556 lnde-

369 3627 441 3702 .qne
461 3606 507 3679 de
519 3628 576 3694 eo,
594 3606 793 3681 dividendae
811 3605 971 3679 bifariam
995 3612 1056 3676 ant
1076 3605 1244 3679 trifariam
1259 3607 1352 3679 llus-

370 3731 452 3817 .siac,
475 3739 585 3802 ortam
606 3729 848 3825 suspicionem.
873 3726 964 3814 Quid
987 3737 1103 3800 tamen
1120 3729 1205 3800 certi
1225 3728 1293 3802 hoc
1316 3731 1352 3801 in

369 3852 517 3948 negodo
531 3852 672 3946 egisset,
688 3848 880 3948 Apolupiam
897 3871 1042 3936 canere;
1061 3849 1144 3943 qnid
1158 3872 1237 3922 oum
1253 3851 1350 3948 Apo-

377 3977 466 4072 logia
491 3986 582 4048 esset
608 3986 738 4061 actum,
765 3973 940 4069 querulari
961 3971 1237 4048 protestationem.
1267 3977 1354 4063 Quae

377 4109 490 4172 autem
505 4099 561 4170 illa
575 4097 718 4170 Perditio
731 4097 938 4184 Kioviensis,
950 4117 1011 4168 seu
1024 4095 1200 4169 utdlctum
1213 4095 1354 4183 Polibel,

371 4225 481 4302 deeo
497 4224 638 4296 sinistre
661 4222 744 4318 ipsis
762 4221 954 4306 detulisset,
972 4241 1015 4292 ea
1036 4241 1112 4293 esse
1129 4220 1354 4296 Prolestuliune

378 4347 552 4442 variisque
569 4346 643 4438 ejus
656 4345 769 4416 deleta
784 4343 1057 4440 probationibus.
