4100 6009
787 945 948 1008 -59..

372 1143 525 1215 sissent?
538 1140 638 1227 Quod
651 1161 827 1234 nunquam
844 1162 904 1213 eos
921 1142 1070 1215 [acturos
1087 1144 1191 1216 luisse
1208 1158 1352 1237 constat,

371 1269 438 1341 nisi
470 1279 598 1339 vestrae
633 1264 945 1340 Reverendissimae
976 1269 1263 1359 Dominationes,
1285 1284 1354 1347 tam

372 1393 521 1486 gloriose
561 1400 796 1476 consecratae,
835 1391 1071 1464 venerandam
1109 1393 1364 1470 orthodoxiam>

373 1534 470 1587 suam
494 1513 721 1609 proclamare,
746 1524 903 1587 veterem
928 1517 1133 1588 conculcare
1149 1520 1349 1615 coepissent.

372 1636 428 1707 Ex
439 1634 561 1710 eodem
580 1637 698 1709 fomite
710 1647 954 1732 usurpatorum
967 1648 1039 1709 tam
1058 1638 1245 1713 insolenter
1257 1641 1353 1737 epis-

373 1770 571 1853 copatuum,
589 1760 705 1855 quale,
725 1770 963 1854 quantumque
980 1761 1016 1831 in
1033 1762 1154 1834 nussia
1167 1764 1354 1837 excitatum

349 1880 604 1956 incendium?
632 1882 738 1973 Cujus
766 1883 1003 1969 inconsutam,
1039 1906 1084 1955 an
1116 1883 1351 1973 incentorem,

373 2006 529 2078 Vestram
550 2026 627 2078 esse
657 2002 994 2078 Reverendissimam
1023 2006 1121 2098 ajunt
1140 2008 1354 2081 Dominatio-

373 2150 452 2201 nem
466 2112 483 2216 ‚⁴
506 2128 700 2203 testimonio
715 2126 877 2219 ejusdem
893 2128 1092 2201 litterarum
1108 2131 1347 2206 convincente.

337 2336 351 2369 ἢ
373 2254 461 2339 Quae
479 2253 687 2347 gravissimo
701 2274 817 2324 coram
839 2251 1023 2342 judicio,.a
1051 2274 1154 2325 sacra
1165 2256 1261 2349 regia
1276 2277 1356 2327 ma-

370 2375 494 2467 jestate
515 2375 703 2461 destinato,
718 2388 754 2446 et
770 2378 805 2445 in
824 2374 941 2446 libello
962 2373 1007 2447 de
1024 2377 1282 2472 martyrio-viri
1293 2379 1362 2449 Dei

373 2498 545 2593 iosaphati
563 2507 810 2570 memorantur.
831 2496 877 2568 lis
887 2497 1015 2591 quippe
1038 2499 1154 2570 Vestra
1180 2500 1353 2571 Reverso«

374 2622 516 2695 dissima
527 2622 720 2696 Dominatio
733 2620 992 2716 archipraesulis
1004 2618 1122 2712 hujuS,
1139 2644 1159 2693 a
1176 2624 1359 2695 sanctimo-

374 2745 432 2817 nia
460 2742 714 2839 probatissimi,
740 2742 946 2838 obsequium
976 2764 1035 2814 eas
1063 2764 1147 2815 oves
1174 2754 1351 2832 excutere,

372 2868 523 2962 seipsum
551 2890 613 2964 pro
640 2878 779 2964 pastore
807 2865 937 2938 habere
950 2867 1070 2958 jubet;
1098 2888 1210 2961 eoque
1237 2868 1355 2939 imma-

373 2990 491 3065 nitatis
518 3001 555 3062 et
586 2992 725 3064 lerociae
746 2989 832 3061 inibi
851 3011 1085 3085 progressum,
1110 3000 1146 3061 ut
1174 3012 1259 3064 oves
1273 3013 1354 3088 pas-

375 3111 1364 3211 torem,filiiparentemoptimumhorreuduminmodum.

375 3240 592 3312 trucidarint.
610 3240 712 3311 Proin
737 3248 902 3333 tanquam
931 3236 1128 3332 perduelles
1140 3236 1244 3332 capti,
1260 3236 1355 3328 judi-

374 3366 443 3439 cati
474 3385 597 3460 poenas
633 3361 775 3434 dedere.
808 3362 936 3439 Porro.
975 3361 1066 3431 inter
1103 3361 1285 3433 facientem
1321 3372 1355 3432 et

374 3488 588 3563 occasionem
603 3488 684 3558 lacti
698 3487 926 3583 praebentem,
938 3483 1239 3580 quisculpandus‘l
1249 3487 1357 3577 Leges

374 3620 519 3697 nostrae,
538 3610 583 3684 de
601 3610 814 3681 extinctione
836 3607 995 3681 candelae
1008 3629 1071 3679 nos
1087 3607 1245 3679 edocent.
1268 3608 1355 3680 Hinc

374 3734 474 3807 lacile
487 3734 649 3827 colligere
662 3732 727 3827 ipsi
740 3731 891 3817 licuerit,
906 3732 1080 3827 quomodo
1089 3730 1248 3821 majestas
1261 3731 1356 3823 regia

374 3858 490 3931 eidem
506 3857 551 3929 sit
567 3857 735 3929 addicta?
751 3856 797 3929 de
817 3856 915 3948 cujus
928 3855 1067 3942 affectu,
1084 3855 1256 3946 jamtum,
1275 3868 1357 3929 aute

375 3979 540 4051 effrenem
565 3979 846 4052 'Vitebscsnsium
887 3978 1060 4051 licentiam
1101 3975 1351 4063 subdubitavit,

376 4102 515 4198 quando
545 4104 728 4176 Boreccius
739 4125 817 4175 cum
833 4104 955 4175 Vestra
972 4099 1274 4175 Reverendissima
1289 4100 1354 4171 Do-

377 4227 563 4299 mioatione
592 4229 769 4315 Varsavia,
798 4228 877 4300 licet
906 4228 992 4299 nihil
1023 4225 1242 4299 metuendum
1266 4236 1354 4309 erat,

377 4350 475 4443 quasi
486 4349 657 4422 declinato
670 4347 1167 4443 evaseritcorporo.Ponderet
1181 4366 1360 4439 ergo,quo
