4100 6009
1100 913 1284 980 -ll8-

701 1125 809 1196 lrorret
819 1121 958 1222 prosectu
977 1134 1118 1219 aspectus
1133 1118 1177 1192 ud
1187 1121 1284 1193 istem
1298 1119 1611 1215 suniumtortaram,
1636 1119 1681 1192 ud

701 1250 787 1322 bosco
800 1247 897 1320 nodos
911 1245 1104 1320 tuentum
1116 1246 1152 1318 t'u
1163 1243 1292 1317 modum
1307 1246 1466 1324 intortos!

749 1377 869 1468 Neque
894 1373 1004 1445 solum
1032 1371 1078 1444 ad
1110 1379 1311 1444 enumerata
1341 1391 1476 1443 severae
1502 1370 1683 1465 probitatis

699 1521 806 1597 opere
851 1497 1004 1570 animum
1038 1495 1097 1567 ille
1125 1506 1161 1567 et
1190 1516 1315 1590 corpus
1345 1493 1532 1567 inducebat
1562 1515 1679 1578 suum,

700 1646 822 1700 verum
838 1619 1002 1694 etiamad
1018 1619 1233 1692 inimicorum
1249 1617 1428 1692 moderate
1445 1617 1607 1690 terendas
1619 1616 1680 1686 in-

696 1747 819 1840 jurias.
838 1745 915 1818 Non
933 1742 1018 1816 mihi
1043 1761 1127 1813 sane
1147 1750 1199 1814 tot
1219 1741 1327 1813 verba
1342 1741 1582 1837 suppetierint,
1597 1748 1681 1834 quot

699 1871 750 1942 illi
766 1867 906 1966 pmbra,
920 1873 1002 1960 quot
1016 1864 1254 1950 contumelias,
1266 1873 1351 1958 quot
1362 1862 1518 1935 convicia
1532 1861 1681 1976 intulere

699 1987 920 2077 schismatici,
933 1988 1027 2084 quod
1047 1987 1092 2059 ab
1107 2008 1228 2059 eorum
1242 1986 1439 2058 recessisset
1449 1983 1596 2056 concilio
1607 1988 1626 2054 t
1637 1983 1680 2053 Et

699 2125 815 2188 tamen
829 2114 943 2186 uullus
955 2135 1035 2185 cum
1047 2112 1140 2185 dicto
1155 2110 1286 2184 factove
1310 2118 1476 2205 expertus
1488 2105 1677 2191 vindicem,

698 2236 762 2310 sed
778 2246 816 2308 ut
828 2245 1129 2320 converterentur,
1149 2233 1243 2329 apud
1257 2234 1365 2304 Ilenm
1382 2231 1583 2304 continuum
1597 2250 1681 2302 exo

700 2369 861 2433 retorem.
881 2359 981 2452 Saepe
997 2359 1130 2445 irrisus,
1151 2357 1354 2451 proscissus,
1379 2355 1577 2449 despectus,
1606 2375 1678 2425 non

700 2483 813 2554 minus
833 2482 998 2555 suavibus
1014 2502 1075 2552 eos
1096 2478 1296 2553 emolliebat
1320 2479 1557 2562 concionibus,
1573 2498 1678 2571 quam

699 2603 813 2679 studio
828 2605 984 2700 quaesitis
1003 2602 1225 2677 devinciebet
1237 2602 1466 2689 sermonibus,
1484 2613 1520 2674 ut
1537 2601 1677 2696 tandem

699 2739 844 2800 matrem
858 2738 1145 2821 recognoscerent
1160 2728 1354 2800 ecclesiam.
1375 2725 1517 2798 Plurimi
1532 2746 1596 2819 pro
1607 2724 1680 2795 suis

698 2851 733 2920 in
746 2871 827 2921 eum
845 2849 947 2921 illatis
962 2848 1072 2934 malis,
1087 2849 1329 2941 nonexiguam
1347 2848 1540 2944 probavere
1552 2847 1679 2918 libera-

698 2972 829 3043 litatem
853 2998 860 3041 :
881 2981 1094 3066 magnosque
1114 2972 1151 3043 in
1178 2973 1264 3044 tales
1287 2972 1409 3045 effudit
1422 2982 1592 3068 sumptus,
1608 2992 1678 3043 non

699 3094 766 3166 alio
778 3103 963 3189 profitentu,
983 3115 1088 3189 quam
1108 3105 1145 3167 ut
1164 3105 1294 3167 sanctae
1311 3117 1380 3180 eos,
1414 3117 1552 3191 quoquo
1574 3095 1678 3168 modo

698 3224 828 3311 posset,
838 3216 1055 3289 lucrifaceret
1070 3217 1198 3290 unioni.
1212 3220 1283 3291 Nec
1296 3239 1375 3291 raro
1388 3218 1432 3290 ab
1448 3218 1528 3290 aliis
1539 3239 1679 3312 quoqne

698 3341 903 3434 permoleste
931 3351 965 3413 et
993 3340 1157 3432 injuriose
1177 3351 1354 3428 tractatus,
1372 3351 1448 3414 esto
1460 3342 1597 3433 integra
1612 3341 1679 3413 sibi

698 3460 900 3535 vindicandi
925 3463 1014 3536 ratio
1041 3475 1250 3560 superesset,
1280 3487 1359 3538 eum
1388 3466 1591 3539 monstravit
1607 3464 1679 3537 ani·

699 3607 808 3676 mum,
824 3597 860 3658 ut
876 3586 935 3660 illa
948 3589 1108 3661 tractatio
1125 3590 1323 3685 quempiam
1340 3589 1446 3663 satius
1466 3590 1584 3677 alium,
1606 3612 1676 3664 non

698 3711 793 3781 illum
806 3709 942 3782 allicere
959 3709 1150 3782 videretur.

748 3831 978 3904 lnnocentiam
993 3832 1091 3919 vitae,
1109 3854 1186 3905 cum
1212 3834 1357 3928 integris
1384 3844 1570 3907 testaretur
1595 3855 1676 3907 ser-

699 3954 859 4028 monibus
870 3964 905 4027 et
922 3955 1102 4051 inculpatis
1119 3957 1300 4050 preelerret
1315 3959 1482 4045 moribus,
1499 3971 1571 4031 tum
1592 3978 1677 4030 vero

697 4089 800 4150 etiam
817 4077 1024 4151 verecundis
1043 4078 1195 4174 spirabat
1218 4081 1328 4154 oculis
1353 4092 1391 4153 et
1406 4081 1606 4155 venerando
1618 4082 1675 4153 lo-

699 4200 870 4296 quebatur
896 4203 996 4274 vultu
1016 4231 1022 4272 :
1045 4211 1083 4273 ut
1103 4203 1208 4274 etiam
1235 4205 1271 4275 in
1293 4205 1418 4277 silente
1436 4204 1563 4278 lividus
1587 4202 1675 4276 nihil

698 4321 863 4407 adnotare
880 4334 994 4419 posset
1011 4326 1142 4399 oculus.
1164 4325 1277 4421 Atque
1299 4329 1386 4400 utin
1404 4328 1550 4415 lubrica,
1573 4337 1676 4400 extra
1699 4365 1701 4369 ·
