4100 6009
762 881 925 944 ..97-

352 1115 440 1167 vero
468 1094 675 1188 cognomine
702 1091 814 1163 lucem
843 1113 912 1165 non
942 1111 1047 1164 ausus
1069 1093 1237 1187 aspicere,
1257 1118 1334 1168 oum

351 1237 448 1290 oaeoo
463 1228 498 1288 et
514 1215 595 1288 liuto
607 1215 785 1301 Philaleto,
805 1236 867 1288 seu
883 1222 1020 1287 amante
1037 1215 1180 1305 lethum,
1205 1238 1335 1292 caeoam

355 1333 528 1432 ipocrisis
544 1336 672 1430 objecit
693 1335 761 1408 luci
789 1329 884 1411 ⁴597
903 1355 1009 1409 anno.
1023 1333 1194 1441 ¹Calvinus
1209 1339 1251 1428 is,
1271 1362 1334 1413 nec

354 1473 459 1554 gente
480 1461 679 1545 lluthenus3
697 1465 801 1530 immo
817 1457 991 1532 idiomatis
1004 1459 1156 1534 liutheni
1177 1463 1330 1555 ignarus.

355 1587 445 1659 Satis
461 1577 552 1660 bene
568 1596 682 1657 tamen
709 1583 811 1671 vidit,
845 1605 924 1656 cum
950 1584 1078 1660 Basilio
1106 1585 1187 1659 duei
1213 1587 1337 1684 Ostro-

356 1711 481 1806 giensi,
493 1709 643 1805 palatino
660 1707 835 1780 llioviensi
852 1705 1024 1796 lintheum
1046 1731 1110 1806 pro
1127 1706 1255 1807 oppido
1270 1712 1337 1784 sibi

356 1842 392 1904 et
408 1832 539 1927 aliquot
551 1829 644 1904 villis
660 1847 769 1924 usque
795 1829 839 1902 ad
865 1829 933 1904 sata
958 1851 1020 1902 sua
1044 1829 1190 1919 collatis,
1207 1852 1337 1930 caeeam

356 1949 718 2048 Apooimnvendidit.
1390 1936 1406 1956 ³

406 2074 580 2162 Licitator,
600 2096 642 2146 an
657 2086 834 2148 veterator
856 2074 934 2162 iste,
953 2077 1062 2148 multa
1074 2087 1267 2149 memoratu
1281 2076 1339 2149 in-

358 2194 475 2290 digno,
500 2194 534 2266 in
560 2196 739 2270 ruthenam
756 2219 803 2269 ex
825 2195 968 2270 Calvino
985 2197 1123 2269 induxit
1140 2198 1333 2272 ecclesiam.

358 2319 521 2412 Interque
544 2320 612 2390 ulia
635 2339 770 2392 sacrum
788 2319 896 2391 irrisit
921 2320 1336 2410 transubstantiationem,

358 2441 653 2536 calumniatusque
665 2442 817 2528 Graeoos,
837 2441 934 2536 quasi
947 2443 982 2513 in
998 2443 1193 2536 glorentinu
1205 2444 1339 2540 synodo

359 2583 435 2636 eam
447 2583 517 2636 non
531 2564 756 2660 susceperint.
775 2565 1019 2638 verumetiam
1035 2565 1123 2639 istia
1139 2563 1338 2640 Smotrisoio

360 2687 396 2760 in
413 2690 535 2761 eadem
557 2685 726 2785 aputeum,
759 2707 839 2760 eum
863 2687 1056 2761 haeresibus
1083 2691 1153 2762 suis
1184 2687 1339 2785 perbelle

360 2815 538 2900 ventilato,
558 2807 764 2885 malevolum
790 2831 850 2884 eos
876 2814 1087 2886 obturatum.
1105 2809 1176 2886 Nee
1202 2811 1341 2887 erubuit

361 2935 502 3034 quidum
519 2956 712 3032 anonymus
727 2937 873 3009 clericus
896 2935 1139 3032 Ostrogiensis,
1158 2933 1338 3010 doctorum

358 3062 491 3134 Russiae
504 3059 625 3134 ordine
642 3059 776 3146 tertius,
793 3057 930 3133 insanas
938 3059 984 3131 de
997 3059 1131 3156 synodo
1142 3058 1339 3135 Florentino

359 3187 518 3278 ingerere
535 3184 689 3271 tabulas;
706 3201 811 3278 quem
825 3182 997 3279 gymnasii
1010 3180 1086 3275 ejus
1098 3178 1260 3271 civitatis,
1277 3207 1338 3257 su-

266 3361 270 3370 .
359 3308 501 3400 perstite
525 3306 649 3379 Basilio
673 3305 775 3393 duee,
795 3305 1010 3401 praecipuum
1040 3301 1144 3378 fnisse
1171 3305 1269 3397 ajunt
1286 3307 1339 3380 di-

357 3429 547 3502 dascalum.
568 3425 673 3515 Quasi
687 3429 722 3499 in
737 3449 792 3515 ea,
811 3427 896 3499 nihil
916 3427 1054 3501 Latinos
1069 3427 1161 3499 inter
1179 3424 1339 3502 Graecos-

357 3571 426 3647 que
438 3553 548 3626 libere
562 3552 773 3626 conclusum.
792 3549 915 3625 Omnia
933 3551 1102 3626 violenter
1113 3561 1208 3638 anta3
1223 3553 1339 3625 omnia

358 3695 437 3747 eum
451 3675 653 3748 truculentis
674 3674 805 3748 sancita
831 3673 1020 3746 tormentis.
1051 3670 1120 3746 Sed
1146 3668 1241 3766 piget
1270 3695 1338 3748 non

358 3793 461 3870 modo
477 3798 578 3890 longe
590 3797 719 3893 impie,
733 3797 795 3871 sed
806 3797 994 3893 plusquam
1010 3795 1201 3892 impudenti
1214 3793 1340 3871 immo-

360 3921 427 3993 rari
445 3920 598 3994 falsitati.
618 3921 726 4008 Quam
752 3921 970 3994 Smotriseius
984 3920 1125 4014 egregia
1141 3918 1195 3993 sni
1210 3919 1340 4017 Apolo-

359 4045 463 4138 getici
478 4046 652 4118 convulsit
668 4045 905 4138 concussitque
920 4046 1082 4118 veritate.

407 4163 575 4264 Denique,
601 4178 639 4240 ut
661 4169 794 4241 mittam
818 4167 981 4241 Basiliom
1011 4167 1183 4254 Surazski,
1212 4167 1341 4242 Zacha-

361 4289 464 4375 riam,
479 4287 914 4386 Antigraphesauotorem,
934 4288 1122 4376 Ruthenos,
1142 4287 1340 4364 Zaohariam
