4100 6009
769 1022 930 1085 ..57-.

355 1234 476 1307 vestre
492 1233 685 1306 Dominetie
707 1233 883 1328 perspexit
902 1243 939 1305 et
955 1230 1116 1318 indotuit,
1150 1233 1339 1307 scribendo

358 1356 453 1443 tutin,
470 1367 540 1427 tem
555 1353 727 1448 profunde
742 1373 781 1425 se
797 1351 983 1425 cecidisset
996 1354 1196 1449 multosque
1210 1356 1247 1425 iu
1264 1356 1341 1427 rui-

357 1497 438 1548 num
454 1476 663 1549 detruxisse!
682 1475 928 1546 Verumtamen
954 1474 1082 1547 iterum
1094 1486 1199 1569 etque
1218 1478 1342 1548 iterum

355 1623 397 1674 ea
415 1601 599 1697 resumpsit
613 1610 650 1673 et
666 1598 837 1671 resorbuit
849 1618 995 1671 venena.
1014 1600 1055 1671 Et
1072 1600 1174 1695 quasi
1187 1602 1347 1695 gloriose

356 1724 391 1795 in
408 1725 500 1797 melo
519 1723 761 1818 triumpharet,
780 1721 996 1817 praedicavit.

408 1847 606 1932 «Quoniam
620 1847 735 1939 itaque
746 1842 962 1916 embdeterie
972 1844 1176 1922 estueiuutes
1187 1846 1347 1934 ltueteuu,¹

359 1982 395 2043 ut
407 1972 488 2063 jura
501 1972 703 2064 loquuntur,
724 1990 823 2065 uspre
838 1964 882 2038 eri
898 1981 1044 2053 mertem
1069 1969 1182 2043 libens
1198 1973 1338 2060 veliem,

357 2102 499 2189 propter
517 2092 633 2166 coreis
654 2091 723 2164 mei
738 2112 860 2186 pacem
879 2090 959 2185 (nen
974 2090 1070 2185 qued
1087 2093 1240 2165 diffidam
1254 2096 1342 2167 Ves-

358 2229 427 2293 trae
446 2217 765 2291 Reverendissimae·
787 2215 1043 2303 Dominetioni,
1068 2216 1159 2289 absit
1175 2218 1197 2311 t)
1212 2220 1352 2292 hebere·

357 2340 603 2413 certitudinem
620 2340 654 2411 in
673 2337 815 2433 scripte.
836 2337 917 2408 Sine
929 2357 1010 2431 que,
1030 2335 1075 2409 ob
1093 2339 1350 2432 praeceduntia,.
1466 2363 1468 2369 ·

359 2460 632 2557 trepidabundus
644 2482 782 2555 semper
793 2460 951 2546 haerebo,
961 2480 1005 2530 un
1020 2480 1213 2554 consequar
1223 2460 1339 2548 tinem,

360 2588 454 2657 neus
485 2586 600 2672 testis,
631 2583 725 2681 quod
752 2605 823 2657 non
852 2582 1024 2671 mentior,
1059 2584 1129 2655 vita
1157 2585 1339 2657 cariorem.

358 2709 573 2803 Magnusitle
586 2717 621 2779 et
637 2706 809 2779 dectrinae
822 2726 864 2777 ec
877 2706 1046 2779 virtutum
1056 2704 1137 2778 fidei
1146 2707 1353 2783 christienae·

359 2852 444 2903 vere
461 2832 583 2926 plenus
608 2829 838 2925 philosophus
856 2830 905 2901 eit
925 2832 1057 2902 Seneca
1073 2858 1079 2901 :
1099 2828 1283 2903 Diuersitus
1298 2844 1346 2903 ert

356 2953 488 3050 siquem
501 2950 684 3025 vacillantis
702 2950 817 3035 enimi,
831 2976 869 3021 ue
884 2949 1024 3022 nemum
1052 2950 1194 3024 iubentis
1205 2956 1345 3050 euperem

357 3100 453 3147 mm
470 3102 480 3146 .·
496 3074 575 3147 dum
601 3100 665 3146 neu
679 3074 833 3171 proponit
844 3074 918 3160 sibi,
937 3074 1017 3173 quid
1042 3075 1140 3162 sciit;
1157 3102 1212 3147 nec
1227 3078 1257 3147 si
1270 3102 1346 3174 pre·

357 3200 476 3297 penit,
498 3212 679 3296 perseueret
710 3199 746 3269 iu
775 3223 819 3283 ee,
849 3197 906 3269 sed
938 3198 1099 3271 transilit.
1131 3201 1197 3271 Nec
1223 3214 1352 3271 tentum·

359 3335 475 3407 mter,
499 3320 903 3418 circuitumque
925 3320 1076 3406 deseruit,
1103 3346 1142 3391 ee
1166 3320 1345 3407 damnauit,

358 3443 548 3519 revolvitur.
570 3447 612 3517 Et
625 3447 801 3518 ulterius:
823 3443 912 3534 Ouid
927 3458 973 3516 eet
998 3444 1191 3541 sapientie?
1216 3444 1356 3541 Semper·

359 3564 445 3640 idem
475 3567 553 3641 vetto
581 3582 675 3667 etque
702 3567 895 3641 {ammte
915 3569 989 3640 Neu
1000 3582 1106 3665 petest
1122 3592 1248 3665 semper
1264 3568 1350 3639 idem

357 3689 495 3788 plaeere,
517 3693 583 3765 uici
595 3706 731 3765 rectum.
754 3691 910 3764 Variatur
926 3691 1070 3790 quetidie
1078 3690 1252 3789 judicium,
1266 3706 1298 3765 et
1316 3694 1356 3765 iu

360 3813 559 3887 centrarium
570 3816 707 3888 uertitur
715 3844 726 3902 ,·
737 3840 777 3886 ec
787 3813 951 3912 plerisque
962 3815 1078 3911 epitur
1093 3814 1163 3888 eitu
1171 3840 1346 3912 perunum.

401 3941 462 4011 Est
474 3940 579 4011 etiem
593 3939 702 4025 aliud,
713 3962 775 4011 cur
786 3914 1024 4010 cheiacterem
1036 3940 1169 4012 Vestrae
1181 3941 1351 4013 Reveren-

361 4060 517 4132 dissimae
534 4062 751 4133 Paternitetis
765 4060 924 4134 obsidem
940 4059 1157 4145 desiderem3
1184 4060 1352 4155 imprimis

364 4196 480 4255 tamen
500 4185 649 4279 supplex
672 4184 908 4268 exoraverim,
934 4204 978 4255 ne
1003 4185 1123 4255 Vestra
1155 4185 1352 4257 Revendis—

363 4305 453 4376 sima
467 4305 674 4394 Paternites,
700 4306 899 4377 sinceritate
919 4327 997 4376 meu
1013 4304 1096 4378 taed'r
1109 4328 1147 4377 se
1161 4306 1349 4376 existimet.

368 4428 512 4522 Semper
534 4430 658 4501 Russia
676 4428 711 4499 in
728 4428 911 4500 schismate
941 4429 1092 4521 degens,
1121 4429 1216 4522 regie
1240 4450 1362 4499 eorem
