4100 6009
774 899 936 962 ,99-

367 1117 402 1177 et
427 1103 794 1199 sibimetrespondens
811 1107 872 1192 ait,
893 1106 1025 1178 Lutlieri
1042 1134 1106 1197 csse
1136 1111 1340 1210 discipulum,

366 1224 401 1293 in
433 1223 595 1299 academia
626 1223 787 1322 Lipsicusi
815 1241 845 1299 et
868 1227 1122 1329 Vittcmberpeusi
1142 1234 1186 1304 cd
1209 1235 1345 1307 smobeu

364 1349 435 1444 ejus
446 1347 665 1446 sepulcralem,
684 1348 766 1420 mate
789 1350 889 1436 suuis,
907 1352 985 1450 quia
1003 1353 1171 1443 lmrcticis,
1182 1361 1342 1456 juveutu-

366 1487 427 1544 tem
439 1471 559 1544 studiis
584 1469 793 1568 impendissem
809 1473 983 1570 impiarum
1011 1477 1124 1550 nidore
1136 1481 1291 1580 afflatum,
1307 1484 1344 1555 iu

365 1595 575 1670 titillantem
587 1595 950 1697 reclamantemque
961 1599 1004 1674 iis
1017 1602 1175 1676 lethaliter
1183 1605 1339 1703 infecisse.

365 1718 479 1813 Atque
492 1719 575 1791 dum
588 1718 632 1791 ad
646 1721 800 1791 osculum
815 1721 909 1815 pacis
931 1744 1008 1795 cum
1023 1725 1058 1796 S.
1075 1727 1115 1798 ll.
1127 1727 1167 1798 Ε.
1187 1728 1341 1802 Russiam

367 1841 532 1913 invitatet
546 1840 679 1925 incitat,
694 1840 926 1936 blasphemias
938 1865 1016 1916 suas
1032 1848 1196 1920 convellit
1213 1859 1247 1919 et
1262 1871 1343 1922 con-

366 1965 527 2052 demnat3
543 1965 630 2037 caelo
644 1985 760 2036 coram
786 1975 820 2036 et
834 1975 925 2038 terra
939 1968 1079 2039 Sanlnm
1092 1971 1342 2046 scPaulusiste

367 2084 524 2157 confiteri
541 2107 607 2156 non
626 2083 811 2156 erubescit.
833 2087 950 2160 Fuisse
963 2089 1011 2164 ait
1028 2099 1263 2185 tempusque
1279 2117 1342 2167 su-

368 2232 428 2304 pra
444 2209 583 2282 modum
606 2219 872 2304 persequeretur
889 2211 1068 2283 ecclesiam
1095 2213 1169 2300 Dei,
1182 2226 1217 2286 et
1231 2237 1341 2312 expu-

365 2345 488 2426 gnaret
505 2334 611 2418 illam,
632 2342 667 2403 et
683 2331 867 2427 proficeret
891 2333 926 2403 in
941 2335 1101 2407 Rosciaca
1114 2336 1259 2431 perfidia
1279 2363 1342 2413 su-

365 2457 1341 2552 mmmmmmmmfflmmmn

365 2577 503 2651 dantius
515 2579 695 2650 aemulator
702 2577 869 2662 existens,
886 2600 955 2649 non
965 2578 1052 2672 legis
1064 2579 1194 2652 divinae
1206 2592 1341 2656 auttra-

364 2703 530 2775 ditionum
549 2716 783 2797 paternarum,
800 2721 880 2796 quae
896 2711 1016 2788 eastae,
1032 2713 1162 2776 sanctae
1173 2716 1209 2777 et
1220 2706 1340 2781 imma-

364 2827 489 2898 culatae
506 2834 632 2899 suntet
654 2826 810 2910 lueruut;
830 2823 891 2896 sed
908 2846 990 2897 ecce
1005 2827 1121 2897 talium
1134 2848 1290 2901 errorum
1305 2844 1340 2902 et

364 2949 551 3033 haeresum,
575 2969 638 3042 per
662 2947 746 3018 istos
774 2947 929 3020 Zizanios
948 2947 982 3018 iu
1011 2949 1157 3022 ecclesia
1192 2951 1339 3026 ruthena

365 3073 555 3144 insitarum.
580 3070 634 3142 Ad
651 3091 799 3164 quarum
823 3070 1033 3161 agnitionem
1056 3083 1091 3143 et
1119 3073 1338 3165 rejectionem

365 3193 482 3266 labore
504 3193 731 3288 permaximo,
757 3211 820 3286 pro
847 3191 987 3264 tuendis
1014 3192 1082 3264 illis
1105 3207 1279 3290 suscepto,
1304 3209 1339 3270 et

362 3315 680 3390 munificentissima
706 3313 899 3386 miserentis
924 3315 1111 3408 Deigratia
1141 3315 1335 3392 devenisse.

362 3440 577 3534 tantumque
595 3439 790 3532 proiecisse,
808 3447 845 3510 ut
862 3436 1126 3533 necquidquam
1138 3449 1258 3511 contra
1273 3462 1338 3514 ec-

362 3563 478 3635 etesiae
493 3563 677 3642 veritatem
697 3561 850 3646 scribere
871 3563 1022 3656 pomerii
1042 3588 1050 3632 :
1071 3562 1136 3634 nisi
1160 3564 1340 3655 pertractis

361 3685 584 3757 conscientiae
607 3683 966 3778 repaguliscrrores,
986 3683 1204 3777 haeresesque
1228 3684 1338 3760 dictas

361 3807 524 3881 audacter
540 3806 674 3879 ambire
687 3815 721 3876 et
735 3805 923 3879 insolenter
940 3807 1115 3901 amplecti,
1126 3829 1257 3903 proque
1267 3808 1336 3886 filio

361 3930 519 4002 ecclesiae
551 3927 726 4000 orientalis
756 3948 930 4022 nunquam
963 3929 1103 4021 agnosci
1145 3931 1331 4007 statuisset.

361 4054 422 4128 Cui
450 4052 658 4148 synteresim
684 4051 905 4124 conscientia
930 4073 1016 4138 snae,
1037 4052 1211 4126 multoties
1235 4060 1336 4150 quasi

361 4195 439 4246 cum
448 4174 629 4246 vocatione
646 4172 798 4244 numinis
811 4171 1002 4267 procaciter
1014 4173 1243 4264 colluctatam,
1262 4178 1336 4250 sin-

359 4295 994 4390 gulariejusmiserationenullatenus
1003 4297 1160 4369 assentiri
1168 4300 1330 4393 potuisse.
