4100 6009
789 930 975 993 -169-

385 1136 497 1216 Petrus,
521 1137 549 1200 in
571 1150 690 1202 matrem
714 1153 821 1215 meam;
845 1137 907 1215 sed,
935 1148 965 1200 ut
988 1135 1061 1213 dixi,
1078 1146 1107 1199 et
1122 1135 1151 1196 in
1165 1135 1257 1217 ipsum
1272 1131 1363 1197 Duum

386 1263 477 1308 meum
492 1245 558 1330 plus
576 1265 663 1331 quam
686 1245 895 1330 septingenties
915 1241 1204 1327 septuagiessepties
1222 1248 1365 1325 peceave-

387 1374 457 1433 ram,
467 1351 511 1415 Tu
523 1351 666 1415 dimisisti.
678 1349 831 1435 Quotquot
844 1351 920 1416 enim
935 1351 964 1413 in
979 1351 1050 1414 meis
1062 1348 1255 1413 schismaticis
1269 1349 1365 1435 scrip-

385 1464 423 1528 tis
439 1461 536 1541 verbe,
554 1479 619 1544 qua
638 1472 705 1524 sunt
726 1477 799 1544 pone
815 1461 975 1538 innumera,
992 1469 1037 1524 tot
1059 1457 1203 1524 horienda
1217 1467 1337 1542 peccata
1355 1478 1362 1532 ;

385 1588 449 1654 qua
463 1569 571 1632 utinam
594 1567 692 1632 nullus
717 1584 842 1653 unquam
867 1566 969 1631 oculus
992 1566 1125 1645 vidisset,
1145 1565 1226 1630 nulla
1241 1581 1364 1647 unquam

384 1677 461 1740 auris
486 1675 627 1740 audisset!
649 1675 736 1739 immo
757 1675 866 1739 utinam
887 1693 1034 1758 nunquam
1055 1675 1144 1739 etiam
1164 1675 1240 1739 intra
1264 1688 1368 1760 pectus

384 1801 476 1846 meum
500 1794 642 1867 concepta
663 1782 864 1847 exstitissent!
891 1780 1073 1847 tolerabilius
1101 1799 1171 1845 sano
1195 1794 1273 1849 esset
1297 1782 1393 1846 mibi‘

384 1887 568 1952 schismatico
579 1887 607 1952 in
624 1889 671 1953 die
679 1889 793 1973 judicii,
806 1907 893 1974 quem
901 1900 986 1952 terra
998 1885 1189 1952 Sodomorum
1201 1900 1230 1954 et
1243 1887 1369 1952 Gomor-

385 1993 525 2058 rbaorum
535 2016 543 2074 ;
554 2013 630 2059 nuuc
643 2009 740 2061 autem
752 2015 816 2060 eum
827 2014 862 2059 ea
872 2006 917 2060 tot
928 2013 1013 2058 aures
1024 1993 1188 2057 audiverint
1198 1993 1365 2072 etaudiant,

385 2110 431 2165 tot
444 2100 522 2165 oculi
538 2101 665 2166 viderint
682 2114 712 2167 et
736 2101 864 2180 videant,
880 2099 1065 2166 tolerabilius
1079 2119 1148 2164 saue
1162 2101 1263 2165 luisset
1277 2101 1305 2163 in
1321 2101 1368 2165 die

384 2207 482 2290 judieii
491 2219 577 2273 terra
585 2207 773 2273 Sodomorum
784 2220 814 2272 ot
824 2205 1087 2286 Gomorrbaorum,
1100 2225 1186 2291 quam
1199 2206 1266 2270 milti
1278 2207 1369 2272 scbis-

388 2315 493 2379 matieu
507 2326 538 2380 et
558 2315 705 2397 bmrctido,
722 2316 777 2380 nisi
788 2315 833 2378 Tu
847 2315 916 2379 mibi
926 2314 1122 2396 subvenisses,
1139 2327 1169 2380 et
1182 2334 1227 2378 me
1242 2313 1328 2379 talem
1339 2325 1370 2379 et

388 2432 499 2486 tuntum
520 2435 702 2506 peecatorem
717 2423 754 2486 ab
769 2421 947 2487 intolerabili
959 2423 1015 2486 isto
1031 2421 1106 2486 malo
1119 2422 1296 2487 auctoritate
1306 2417 1371 2485 Tua

389 2529 554 2615 plusquam
569 2532 693 2595 bumana
702 2549 916 2596 conservasses.
927 2527 1035 2610 Quare,
1049 2531 1103 2594 mei
1121 2531 1244 2609 ratione,
1255 2527 1371 2614 Teipso

392 2637 482 2719 major
495 2637 644 2717 exstitisti,
661 2637 727 2701 dum
737 2637 802 2722 plus
815 2655 901 2722 quam
916 2639 944 2700 in
960 2635 1048 2700 Petro
1066 2633 1134 2699 ‘libi
1148 2654 1316 2701 concessum
1327 2648 1372 2701 eet

392 2741 547 2822 dimittere,
564 2741 708 2809 dimisisti.

431 2849 524 2928 Quam
551 2850 689 2926 obrem,
718 2850 789 2935 quid
814 2851 877 2914 vice
904 2864 991 2913 versa·
1011 2849 1063 2914 tali
1087 2849 1229 2915 beneflcio
1255 2850 1373 2936 dignum

394 2958 558 3044 epponem?
571 2955 649 3036 Quid
660 2955 727 3020 Tibi
739 2967 819 3020 tanto
834 2975 897 3020 meo
910 2957 1089 3021 benelactori
1101 2959 1256 3041 rependam
1266 2955 1369 3020 illoc:

394 3063 554 3148 plusquam
565 3061 616 3125 alii
630 3060 672 3126 Te
686 3062 817 3146 diligam,
831 3082 978 3126 necessum
987 3075 1052 3127 ost:
1069 3063 1210 3147 siquidem
1219 3062 1373 3147 plusmibi,

395 3191 481 3256 qnam
492 3170 558 3234 aliis
576 3170 701 3234 donasti.
722 3169 793 3234 lltsi
804 3189 903 3233 eorum
914 3191 977 3255 quae
993 3172 1070 3234 intra
1084 3171 1225 3233 bominem
1237 3183 1374 3254 aguntur,

396 3277 573 3342 conscientia
592 3289 636 3340 est
655 3278 749 3354 tosus,
772 3277 849 3341 banc
863 3277 916 3340 sub
935 3275 985 3340 illo
1000 3277 1066 3360 ipso
1081 3288 1155 3342 testa
1170 3280 1220 3362 qui
1240 3279 1331 3342 corda
1348 3290 1379 3342 et

397 3401 479 3446 renes
493 3392 650 3461 scrutatur,
667 3383 809 3466 produco,
826 3383 904 3467 quud
918 3378 961 3446 To
973 3379 1075 3466 diligo,
1093 3382 1172 3467 quod
1182 3383 1211 3445 in
1222 3381 1379 3448 dilectione

397 3487 452 3551 Tui
467 3487 573 3550 nemini
584 3491 668 3555 cedo.
682 3487 739 3553 Pro
751 3490 859 3553 bonore
869 3486 945 3570 Tuo,
958 3489 1195 3574 proauctoeitate
1206 3486 1283 3568 Tua,
1292 3507 1378 3572 quam

399 3607 432 3661 ut
460 3594 568 3661 Christi
591 3595 706 3660 llomini
728 3599 784 3663 mei
809 3617 936 3661 summus
963 3596 1090 3661 vicarius
1117 3597 1146 3659 in
1170 3595 1296 3662 ecclesia
1318 3597 1381 3679 ejus

398 3713 490 3782 tenes,
503 3703 620 3767 moriar.
635 3699 775 3786 llajurem
787 3717 883 3770 autem
906 3705 961 3769 hac
976 3703 1173 3784 dilectionem,
1188 3705 1253 3787 ipso
1264 3702 1380 3767 Christo

400 3810 524 3876 Domino
541 3811 653 3876 mentiri
667 3813 765 3877 nescio
786 3825 872 3893 teste,
895 3832 978 3878 nemo
992 3812 1093 3892 habet,
1109 3823 1141 3876 ut
1165 3812 1287 3875 unimam
1302 3830 1381 3876 suam

401 3927 493 4000 ponat
507 3937 561 4000 pro
573 3935 625 3998 eo,
642 3936 729 4002 quom
741 3908 848 4004 diligit.

442 4022 585 4105 Agedum,
594 4021 680 4088 Pater
688 4024 885 4106 sanctissime,
895 4038 925 4092 et
934 4027 1026 4091 mesic
1035 4025 1090 4088 lui
1098 4035 1240 4088 amantem
1246 4025 1320 4087 inter
1327 4033 1388 4087 stu·

403 4128 580 4194 diosissimos
597 4128 663 4194 Tibi
688 4131 774 4214 lrabe,
795 4147 825 4199 et
840 4136 880 4199 ita
891 4155 997 4220 meper
1020 4133 1064 4199 Te
1086 4134 1179 4219 ipsum
1194 4132 1386 4217 dispositoad

406 4235 624 4320 quidquidtibi
641 4241 799 4308 seeundum
814 4243 905 4308 [leum
919 4255 949 4308 et
963 4243 1123 4308 secundum
1137 4241 1213 4304 uires
1227 4259 1306 4304 meas
1316 4240 1388 4304 libet

407 4343 544 4426 etplacet,
562 4358 651 4411 utere.
669 4347 733 4413 lam
750 4351 836 4432 enim,
857 4351 919 4418 lleo
935 4351 1073 4438 propitio,
1095 4362 1125 4414 et
1144 4350 1288 4434 privatam
1299 4347 1388 4411 totius
