4100 6009
1052 890 1212 953 -M-

646 1100 760 1174 luerit.
798 1100 900 1191 Cujus
933 1100 982 1171 rei
1013 1112 1216 1193 argumenta
1249 1110 1330 1171 sunt
1366 1102 1530 1196 perutiles
1564 1103 1625 1175 toti

644 1224 777 1297 llussiae
790 1223 866 1315 ejus
881 1222 1158 1296 lucubrationes:
1176 1222 1291 1294 Biblia
1314 1224 1448 1297 scilicet
1471 1248 1625 1319 egraeco

644 1356 679 1416 et
697 1347 802 1418 latino
818 1367 977 1418 sermone
994 1346 1029 1417 in
1046 1345 1262 1419 slavonicum
1275 1369 1379 1419 versa
1390 1348 1625 1443 (111101110-

645 1469 716 1563 giae
744 1469 843 1541 ducis
875 1469 1092 1542 memorandi
1125 1468 1291 1564 impensis
1328 1471 1435 1543 edita.
1472 1474 1625 1558 Quorum
1659 1500 1662 1507 ·

643 1591 749 1665 etiam
775 1593 955 1686 exemplar
979 1591 1279 1664 Eminentissimus
1306 1593 1494 1665 cardinalis
1510 1596 1623 1667 Fran-

645 1714 756 1786 ciscus
769 1716 1067 1788 Barberinussuae
1083 1736 1205 1787 recens
1227 1715 1377 1787 adscribi
1399 1714 1625 1811 locupletissi-

645 1836 1111 1910 naecuravitbibliothooae.

694 1958 836 2030 Unionis
851 1959 1020 2032 Ruthenae
1033 1981 1111 2031 oum
1129 1960 1164 2029 S.
1184 1959 1225 2030 R.
1243 1958 1397 2030 Ecclesia
1413 1959 1625 2033 renovandae

645 2081 776 2152 semina
802 2080 1033 2171 jaciebantur.
1069 2080 1223 2155 Fovebat
1239 2102 1324 2153 vero
1342 2081 1410 2166 illa,
1429 2084 1487 2153 vel
1504 2083 1626 2156 unicus

645 2200 719 2295 ipse
750 2203 991 2275 Constantinus
1019 2202 1249 2289 Constantini,
1270 2201 1305 2273 in
1322 2222 1422 2274 sacro
1455 2204 1549 2275 fonte
1566 2204 1628 2275 Ba-

646 2326 756 2413 silius,
775 2327 849 2399 dux
873 2330 1117 2422 Ostrogiensis,
1135 2328 1309 2424 palatinus
1325 2327 1531 2401 Kioviensis.
1560 2329 1627 2413 Qui

645 2470 742 2521 suam
767 2473 787 2523 a
812 2451 940 2524 ducum
968 2451 1073 2522 totius
1097 2450 1230 2523 Russiae
1255 2449 1418 2522 derivans
1441 2451 1624 2545 originem,

646 2574 819 2667 prosapiae
832 2585 1017 2660 vetustate,
1045 2574 1214 2646 honorum
1241 2572 1438 2668 splendore,
1457 2595 1561 2669 opum
1574 2576 1628 2645 11-

645 2693 800 2782 fluentia,
816 2699 953 2789 magnis
979 2698 1079 2769 facile
1093 2720 1156 2792 par
1180 2706 1255 2769 erat
1281 2697 1508 2792 principibus.
1540 2698 1628 2769 Pro-

647 2817 767 2910 pensio
795 2818 871 2909 ejus
898 2820 933 2889 in
963 2817 1171 2891 firmandam
1208 2841 1286 2890 cum
1318 2817 1408 2889 Sede
1433 2817 1627 2913 Apostolica

646 2939 779 3013 Russiae
808 2942 985 3029 unionem,
1005 2963 1053 3013 ex
1082 2942 1209 3014 litteris
1237 2941 1311 3032 ejus
1342 2962 1433 3013 anno
1462 2944 1557 3011 t593
1582 2942 1627 3014 ad

646 3060 832 3154 Hypatium
859 3064 999 3159 Pcciey.
1018 3074 1091 3136 tum
1115 3063 1314 3158 episcopum
1331 3062 1527 3136 Rutbenum
1552 3063 1628 3133 Vla·

646 3182 899 3270 dimiriensem,
930 3185 1150 3281 postmodum
1176 3184 1473 3279 archiepiscopum
1498 3194 1629 3259 metro«.

646 3308 835 3403 politanum
844 3308 1626 3405 llioviensem,exaratis,olareinnotuit.0pta-

647 3432 766 3527 vitque
796 3434 870 3530 ipse
899 3456 1016 3507 coram
1048 3443 1084 3505 et
1104 3454 1278 3528 praesens,
1305 3432 1339 3503 in
1367 3453 1517 3526 persona
1546 3434 1627 3505 llus

647 3556 940 3655 siae,obsequium
948 3555 1628 3654 SediApostolicaeexhibentis,vicarios

646 3676 708 3748 Dei
723 3689 759 3749 et
777 3682 868 3752 Petri
882 3682 1043 3755 venerari
1065 3680 1184 3775 pedes.
1208 3676 1276 3749 Sed
1295 3677 1444 3763 isidem,
1464 3678 1526 3749 Dei
1541 3700 1624 3773 per—

645 3800 754 3872 missu
779 3801 1028 3897 investigabili,
1046 3802 1091 3876 ab
1108 3801 1295 3886 haereticis,
1316 3800 1451 3872 ruinam
1473 3822 1572 3873 suam
1590 3802 1626 3871 in

646 3922 774 3994 Polona
799 3926 975 4018 republica
992 3923 1241 4009 metuentibus,
1260 3923 1289 3995 si
1308 3921 1626 3997 aRuthenisobse·

645 4045 727 4136 quio
756 4046 897 4119 Romani
930 4048 1103 4142 pontilicis
1135 4048 1297 4139 obligatis
1341 4057 1456 4119 essent
1497 4044 1621 4127 divisi,

677 4248 713 4312 (1)
723 4250 774 4300 Seu
783 4249 938 4316 potiuncula
957 4259 1027 4302 textu
1051 4266 1129 4319 gracco
1152 4260 1178 4303 et
1196 4250 1283 4315 lutino,
1297 4247 1373 4318 idque
1385 4264 1415 4299 cx
1428 4256 1500 4315 porto
1512 4255 1623 4299 tantum-

645 4325 728 4391 modo,
740 4328 837 4381 collata.
853 4328 919 4379 Noto
930 4331 989 4381 edit.
1559 4353 1561 4357 ’
