4100 6009
800 845 982 912 -libw

460 1057 598 1130 Duabus
617 1067 697 1128 ante
718 1057 852 1128 ebitum
868 1054 1155 1141 hebdomadibus,
1180 1053 1274 1129 circa
1291 1056 1392 1128 deei-

411 1203 502 1255 mam
510 1193 668 1276 quartam
675 1179 880 1263 decembris,
891 1188 1062 1250 extrema
1074 1199 1210 1252 merum
1223 1183 1392 1258 unctionis

410 1308 524 1380 oleum
538 1317 632 1377 stans
640 1305 789 1399 suscepit
800 1312 856 1376 :ut
872 1303 986 1373 virum
1004 1304 1126 1375 lortem
1141 1315 1288 1378 stantem
1301 1311 1392 1381 meri

410 1431 554 1513 debere,
572 1426 803 1499 confirmaret.
826 1424 1049 1498 caerimonias
1061 1445 1177 1498 sacres
1191 1427 1266 1522 ipse
1280 1432 1393 1504 ordie-

412 1549 527 1635 batur,
548 1546 621 1644 ipse
644 1547 887 1642 respondebat,
903 1555 938 1616 et
951 1544 1118 1638 singulari
1136 1559 1254 1638 gustu,
1275 1572 1394 1624 occur-

413 1683 527 1744 rentes
546 1671 723 1742 cantiones
752 1669 933 1763 psallebat,
951 1669 1156 1762 ungentium
1178 1693 1300 1746 manus
1312 1675 1394 1746 ani-

415 1796 519 1869 mitus
538 1795 706 1880 basiabet,
726 1807 761 1866 et
784 1794 927 1866 silenter
953 1793 1219 1866 decurrentibus
1246 1798 1394 1870 lacrimis

413 1919 594 1994 irrerebat.
614 1920 748 2013 Perque
761 1918 907 1992 arduum
922 1917 984 1989 luit
999 1917 1180 2010 religiosis,
1197 1922 1306 1994 veluti
1316 1920 1395 1995 filiis

415 2039 619 2148 moribunde
644 2039 777 2135 parenti
802 2039 1030 2124 adstantibus,
1055 2039 1161 2110 corde
1179 2051 1214 2111 et
1244 2042 1395 2114 lacrimis

415 2187 484 2238 non
502 2166 744 2260 parentavisse.
767 2164 830 2236 llic
850 2163 920 2248 ille,
939 2162 985 2234 ad
1009 2159 1127 2250 fidem,
1150 2163 1196 2235 ad
1214 2165 1392 2254 virtutem,

416 2290 462 2362 ad
479 2292 655 2386 pietatem,
666 2289 884 2362 commonitis
899 2287 1071 2372 omnibus,
1083 2287 1242 2360 ultimum
1255 2301 1291 2362 et
1304 2311 1395 2361 ama-

415 2411 485 2486 bile
502 2413 591 2486 dixit
607 2412 697 2498 vale,
710 2412 872 2484 omnibus
890 2411 1103 2504 parentalem
1119 2410 1317 2505 impertitus
1331 2408 1396 2482 be·

417 2537 645 2610 nedictienem
662 2547 697 2606 et
714 2535 862 2630 seipsum
876 2532 920 2604 ad
945 2533 1112 2605 interiora
1138 2533 1283 2628 recepit,
1302 2536 1395 2608 solus

417 2661 593 2754 negotium
610 2660 735 2732 animae
755 2669 790 2729 ct
808 2657 868 2728 llei
891 2667 1041 2728 acturus.
1066 2655 1120 2729 dd
1136 2658 1322 2752 losepbum
1338 2668 1396 2730 ta-

416 2801 512 2866 men,
526 2781 658 2854 Russiae
678 2779 985 2874 arehiepiscopum,
1002 2777 1047 2849 de
1065 2779 1212 2850 instante
1225 2780 1279 2850 sui
1295 2802 1397 2855 rese-

418 2901 547 2973 lutione
571 2903 703 2974 litteras
726 2907 835 2973 t'erme
862 2911 950 2972 totas
975 2901 1126 2994 proprie,
1145 2900 1207 2971 sed
1227 2900 1397 2973 titubante

418 3045 520 3096 manu
538 3021 875 3118 scripsit,oravitque
888 3032 1101 3107 accurreret,
1116 3022 1294 3094 etvilibus
1304 3024 1396 3114 justa

418 3146 554 3218 exuviis
567 3147 728 3218 solveret.
750 3147 856 3218 Porro
878 3145 912 3214 in
932 3143 1117 3216 deficiente
1137 3146 1209 3239 ipso
1226 3168 1295 3217 non
1311 3145 1398 3218 deli·

419 3267 549 3340 cientes
564 3269 671 3342 notati
690 3267 855 3340 virtutum
868 3265 1030 3338 allectus:
1049 3268 1227 3361 patientiae
1240 3268 1274 3336 in
1288 3268 1399 3361 aegri-

419 3389 553 3477 tudina,
573 3392 700 3464 emeris
716 3413 800 3485 erge
814 3391 983 3476 inimicos,
1003 3390 1242 3462 sollicitudinis
1259 3391 1304 3462 de
1322 3414 1399 3462 [ηο-

421 3513 583 3601 nesterio,
600 3515 863 3610 praeparationis
871 3514 906 3585 in
925 3535 1105 3585 occursum
1120 3513 1264 3599 Domini,
1280 3513 1399 3586 ohari-

419 3636 502 3706 .tetis
519 3637 553 3707 in
571 3635 689 3730 ignitis
705 3635 833 3708 verbis.
852 3634 1051 3706 Decembris
1063 3635 1228 3727 vigesima
1240 3635 1398 3730 septime,

422 3767 460 3828 ut
476 3759 639 3853 colligere
655 3761 741 3831 mihi
758 3761 865 3844 lieuit,
886 3758 997 3830 divini
1010 3759 1164 3830 munitus
1180 3759 1296 3830 viatici
1310 3781 1400 3853 prae·

422 3880 522 3966 sidio,
536 3903 606 3952 non
619 3883 693 3956 sine
708 3883 840 3956 caelesti
855 3881 1091 3967 instillatione,
1111 3891 1147 3952 et
1162 3881 1309 3975 praescia
1328 3884 1400 3954 mi-

419 4005 617 4078 raculorum
630 4008 819 4080 futurorum
836 4017 965 4089 mente,
976 4015 1117 4077 vocatos
1138 4005 1320 4076 nonnullos
1332 4027 1402 4076 me·
1425 4067 1429 4074 .

423 4133 498 4204 nuit
511 4133 699 4227 religiosos,
719 4134 879 4206 morienti
898 4134 965 4206 sibi
981 4134 1094 4205 Breve
1110 4131 1316 4204 sanctissimi
1334 4135 1421 4220 Ur-,

424 4256 505 4332 bani
519 4259 605 4344 Vlll,
618 4281 686 4353 que
704 4281 724 4330 a
741 4259 907 4344 censuris
930 4256 1050 4330 utfieri
1072 4257 1170 4342 solet,
1187 4256 1398 4343 solvebatur,
