4100 6009
766 895 930 958 ,93-

361 1102 414 1180 nis
431 1100 625 1186 commodo,
648 1099 800 1193 fideique
822 1100 986 1194 amplexu
1005 1120 1159 1172 romanae
1176 1121 1340 1196 perquam

359 1225 468 1298 solide
481 1225 643 1298 contulit„
654 1225 725 1296 Nec
743 1223 1011 1310 vernincnseum
1028 1245 1070 1294 ea
1086 1235 1244 1320 suscepta
1261 1248 1341 1298 mo-

360 1345 480 1422 limina
493 1374 500 1416 :
513 1367 591 1420 cnm
607 1344 665 1418 itte
675 1343 840 1416 consuitis
855 1346 989 1430 favens,
1007 1344 1043 1415 in
1056 1343 1254 1436 hujusmodi
1266 1368 1343 1442 pro

361 1469 493 1562 ruperit
513 1495 520 1540 :
537 1467 626 1563 quid
644 1478 785 1564 propter
802 1489 975 1540 mmmum
993 1478 1089 1540 emet
1103 1471 1226 1556 Deum
1246 1470 1341 1565 quod

359 1592 921 1668 Ruthennsintantumaltcmanis
934 1592 1219 1666 disterminaret?
1236 1594 1341 1689 Epis-

360 1716 465 1787 toiam
476 1716 581 1788 etiam
590 1717 815 1811 superiorem,
832 1713 1040 1811 patriarchae
1052 1714 1342 1811 Constantinum.-

360 1839 468 1912 iitano
478 1839 607 1934 Cyrillo
620 1839 800 1923 directam,
817 1840 850 1910 ei
865 1840 1163 1925 commonstravit,
1179 1861 1283 1933 quam
1297 1839 1343 1911 ad

362 1963 543 2036 minimum
563 1965 802 2060 comprobavit
821 1963 903 2036 iota.
924 1963 1055 2036 Auctor
1069 1985 1210 2060 quoque
1229 1963 1343 2037 eidem

362 2088 439 2178 init,
457 2087 582 2160 ducem
593 2086 640 2160 ab
652 2088 773 2181 Ostrug
787 2086 1018 2158 Zadavecium
1038 2085 1181 2174 viseret,
1195 2087 1345 2181 gloriose

361 2231 467 2305 super
490 2210 724 2283 Ruthenorum
749 2197 980 2282 desudantem
1009 2208 1208 2285 concordia.
1241 2209 1340 2296 visit,

360 2355 431 2404 nou
448 2332 547 2404 vidit.
566 2331 700 2428 Quippe
712 2332 835 2404 Dubua
855 2331 902 2404 ad
924 2329 1083 2404 diversas
1101 2332 1140 2402 in
1158 2331 1345 2404 Ukrainam

360 2459 595 2554 possessiones
615 2479 656 2532 ea
675 2469 792 2531 mente
805 2469 1007 2542 secesserat,
1025 2467 1063 2528 ut
1080 2457 1240 2530 Kioriam
1266 2456 1345 2530 des

361 2581 528 2654 conderet
547 2610 555 2654 :
581 2592 686 2676 atque
702 2581 770 2653 illic
786 2579 914 2674 agardi
936 2601 1017 2652 cum
1034 2578 1211 2665 Buroccio,
1233 2581 1347 2652 schis-

362 2706 464 2778 matis
481 2705 753 2801 archiepiscopo,
780 2725 901 2776 ansam
924 2703 1107 2798 arriperet.
1125 2705 1220 2790 Quin
1239 2694 1347 2776 etiam

364 2829 524 2902 eumdem
546 2830 683 2900 Petmm
707 2827 871 2900 Mohdam
890 2827 1114 2901 Smotriscius
1128 2849 1172 2900 eo
1191 2829 1344 2915 induxit,

363 2963 401 3025 ut
418 2954 528 3026 factus
544 2949 763 3046 modurn
778 2949 1065 3036 archimandrita,
1085 2950 1120 3022 in
1138 2951 1345 3047 Volhyniam

361 3073 569 3161 Grodecnm,
584 3071 752 3169 oppidum
766 3072 965 3144 monasterii
981 3072 1200 3145 Pecnarensis
1215 3070 1344 3144 dotati-

360 3197 461 3286 tinm,
480 3197 612 3271 dictum
627 3197 826 3268 Boreccium
842 3207 878 3268 ct
897 3194 1058 3268 aduersae
1073 3195 1183 3291 partis
1199 3195 1341 3290 cpisco-

364 3343 437 3416 pos,
458 3320 615 3416 aliusque
635 3319 777 3414 negotio
800 3317 936 3390 unionis
962 3317 1145 3391 tractando
1169 3319 1340 3406 addictos,

362 3442 518 3514 excitare
529 3450 626 3514 certo
642 3440 811 3536 pollicitus
821 3441 879 3512 ait.
898 3441 974 3534 lpse
991 3458 1076 3511 vero
1088 3438 1135 3511 ad
1149 3437 1345 3512 &uideru—

364 3564 465 3635 tinues
491 3563 675 3660 prodicus
698 3562 956 3636 concinnandas
984 3573 1076 3635 totus
1099 3563 1280 3649 incubuit,
1308 3573 1348 3634 ut

362 3708 441 3758 cum
471 3687 652 3760 memorati
679 3687 834 3782 episcopi
861 3685 1055 3759 Grndecnrn
1081 3686 1343 3770 confluxissent,

362 3807 461 3901 quasi
476 3830 559 3881 cnm
572 3810 703 3904 paratis
712 3812 821 3883 armis
835 3811 869 3881 in
882 3809 991 3882 aciem
1009 3809 1178 3904 prodiret.

357 3979 358 3982 =
413 3935 501 4005 num
512 3935 589 4008 haec
601 3935 638 4004 in
653 3934 774 4006 Bossia
783 3943 988 4028 agerentur,
1005 3935 1125 4008 Romae
1141 3935 1233 4005 circa
1252 3933 1348 4006 initia

362 4058 666 4145 mensisoctcbn'e,
680 4058 765 4129 enni
778 4057 951 4150 ejusdem,
964 4059 1148 4130 amovento
1159 4058 1349 4130 Smotriscii

366 4189 495 4250 sonctae
518 4180 651 4253 enotuit
674 4181 844 4254 ecclesie.
871 4181 912 4253 Et
936 4182 1063 4252 mirum
1084 4191 1253 4275 quantum
1269 4203 1349 4252 earn

365 4299 411 4370 de
425 4299 496 4373 filio
504 4323 673 4376 converso
686 4313 834 4376 mamam
848 4303 995 4378 vidisses
1008 4305 1196 4376 tonantem.
1214 4303 1349 4375 Etenim
