4100 6009
1118 905 1279 969 -3o.-

709 1112 848 1207 ingredi
862 1110 983 1184 valuit.
998 1112 1107 1183 Multo
1126 1111 1241 1184 minus
1256 1134 1334 1184 oum
1350 1112 1479 1209 Cyrillo
1494 1114 1539 1189 de
1550 1118 1694 1189 eutholi-

710 1236 761 1307 cis
775 1232 858 1307 lidei
878 1233 1033 1307 artioulis
1045 1233 1249 1329 disquirens.
1272 1232 1302 1305 Α
1319 1259 1392 1330 qno
1401 1258 1486 1309 oum
1509 1237 1693 1332 aliquoties

711 1356 865 1451 inportu
877 1356 1011 1429 revisus
1026 1358 1158 1444 fuisset,
1176 1358 1295 1452 paucis
1311 1358 1471 1453 utrinqne
1486 1359 1576 1432 datis
1595 1378 1693 1431 snoe-

710 1480 847 1575 pt'nque
862 1480 1090 1569 sermonibus,
1103 1480 1193 1553 etad
1202 1482 1382 1576 epistolam
1394 1484 1543 1557 ellussia
1555 1484 1693 1555 mitten-

710 1604 791 1677 dam
806 1604 956 1700 seposito
986 1603 1069 1679 fidoi
1092 1605 1246 1697 negotio,
1265 1608 1323 1678 vel
1346 1607 1474 1679 invitus
1490 1607 1554 1679 Ilei
1571 1608 1690 1681 volun-

711 1727 772 1798 tati
783 1727 923 1815 eadere,
942 1737 978 1801 et
992 1726 1028 1799 in
1044 1728 1189 1823 patrium
1208 1728 1399 1803 abscedere
1409 1728 1545 1803 debuit.

937 2043 1458 2101 w·-

1097 2934 1274 2947 —m

755 3213 794 3284 ln
818 3206 931 3305 petria
955 3205 1093 3278 turbata
1110 3202 1274 3277 universa
1294 3206 1435 3301 reperit.
1458 3206 1593 3302 Quippe
1608 3206 1683 3278 ini-

705 3337 815 3411 micos
830 3332 929 3415 boni,
945 3328 1170 3402 tenebrarum
1186 3326 1352 3421 angelus,
1372 3328 1517 3402 vixdum
1531 3350 1575 3403 eo
1589 3329 1684 3401 limi-

704 3460 810 3536 nibus
827 3455 951 3555 patrioe
964 3448 1170 3540 exoedente,
1190 3452 1331 3524 invento
1352 3462 1495 3547 peropto
1512 3452 1560 3526 ad
1580 3472 1680 3525 suum

705 3585 836 3658 lacinus
854 3579 1095 3662 instrumento,
1116 3581 1249 3646 tuntum
1266 3573 1302 3644 in
1319 3572 1466 3646 ecelesia
1482 3572 1681 3669 permiscuit

703 3705 876 3789 llutbena,
896 3710 934 3773 ut
950 3698 985 3770 in
1005 3719 1059 3785 ea,
1075 3695 1172 3790 quasi
1183 3695 1220 3766 in
1236 3694 1385 3783 inferno,
1402 3694 1449 3768 ds
1463 3696 1522 3769 die
1535 3696 1571 3767 in
1587 3694 1679 3769 diem

703 3826 832 3901 malum
858 3822 1101 3895 effervesoeret
1128 3847 1135 3889 :
1165 3838 1275 3912 eoquo
1300 3818 1449 3913 amplius
1472 3818 1586 3891 inrisa
1614 3817 1680 3912 ipsi

703 3952 792 4023 lacta
812 3944 961 4017 salubris
981 3940 1270 4039 peregrinationis
1294 3941 1440 4013 intentio
1459 3950 1495 4013 et
1514 3960 1681 4036 praeoon-

704 4082 824 4170 oeptus
839 4070 876 4142 in
891 4067 961 4141 lide
981 4068 1133 4139 Romana
1150 4084 1351 4152 consensus,
1366 4086 1446 4138 oum
1461 4063 1680 4137 Smotriscius

703 4194 816 4269 redux
827 4193 864 4263 in
875 4189 987 4287 patria
998 4188 1258 4285 comparuisset.
1278 4184 1437 4260 Pluribus
1449 4187 1543 4259 enim
1558 4188 1678 4280 iniqui·

702 4322 783 4395 tatis
805 4318 897 4391 vasis
916 4314 1081 4403 collectis,
1098 4312 1258 4387 eamdem
1281 4312 1460 4387 eeclesiam
1483 4311 1572 4385 adeo
1587 4332 1676 4384 oon·
