4100 6009
760 936 942 1000 -rnc-

362 1146 457 1210 omnia
472 1145 501 1211 id
515 1145 641 1210 officium
657 1157 821 1224 exerceant,
838 1146 917 1229 quod
943 1144 1002 1208 illis
1021 1146 1133 1227 judicio
1148 1147 1252 1231 cepitis
1267 1149 1346 1212 inhi-

284 1311 288 1318 ,
361 1252 456 1331 betur,
469 1265 499 1318 et
518 1273 575 1316 nou
599 1252 678 1336 quoal
702 1252 761 1316 illis
783 1252 854 1336 ipsis
876 1252 977 1318 lubet:
996 1273 1033 1318 no
1046 1255 1102 1318 hoc
1115 1253 1229 1318 illorum
1244 1257 1343 1323 vitium

359 1353 424 1435 jure
438 1359 616 1438 vergaturin
629 1359 721 1443 ipsum
738 1369 836 1444 ceput,
850 1359 933 1441 cujus
949 1359 1070 1444 imperio
1092 1357 1143 1422 illa
1162 1361 1225 1444 rogi
1246 1371 1346 1425 tonen-

361 1472 417 1524 tur.
433 1461 478 1526 Tu
503 1475 591 1546 caput
605 1464 647 1528 Te
662 1466 767 1549 ipsum,
785 1464 823 1528 ob
836 1466 1018 1550 pereuntium
1034 1465 1194 1529 animarum
1208 1465 1342 1546 salutem,

359 1569 528 1652 quotidiana
538 1570 732 1638 sollicitudine
754 1591 834 1655 peno
856 1572 1001 1638 evisceras
1016 1573 1082 1654 lrac,
1098 1584 1128 1638 ut
1141 1586 1254 1658 gentem
1270 1575 1346 1640 llos·

360 1678 467 1741 siacam
481 1677 520 1742 ad
534 1689 663 1742 sanctam
678 1679 769 1743 Tuam
780 1679 926 1760 unionem,
941 1680 1072 1764 sineque
1088 1679 1129 1743 illi
1146 1680 1340 1766 superstitio,

359 1785 416 1868 piis
429 1786 523 1850 modis
536 1784 659 1864 allicias,
674 1785 813 1863 adducas,
830 1787 978 1866 attrahcs3
995 1787 1123 1852 membra
1147 1800 1243 1852 autom
1264 1786 1344 1852 aliud

360 1895 450 1961 multo
474 1896 630 1975 diversum,
661 1895 745 1958 immo
774 1895 845 1960 Tuae
859 1895 1002 1961 voluntati
1018 1899 1193 1962 contrarium
1208 1917 1344 1965 oxercore

360 1991 526 2070 cernuntur.

400 2106 449 2172 Sic
479 2108 579 2193 itaquo
610 2109 696 2172 rebus
730 2108 877 2175 maledicti
908 2109 1073 2174 schismatis
1095 2110 1257 2190 stantibus,
1286 2113 1341 2187 vis,

359 2213 445 2279 Pater
459 2215 627 2280 Beatissimo
639 2216 699 2300 (qni
709 2213 823 2281 Domini
836 2215 1085 2280 Tuivoluntotom
1101 2216 1229 2281 imitatus
1237 2231 1344 2302 proter

360 2322 483 2388 salutem
497 2323 720 2403 eminerammi
736 2341 781 2387 res
798 2323 934 2403 clamant,
949 2322 989 2386 nil
1005 2322 1167 2407 chunnis),
1185 2324 1235 2390 diu
1250 2329 1344 2414 aplo-

358 2433 454 2518 risquc
467 2430 700 2496 antecessoribus
726 2429 797 2494 Tuis
816 2431 1010 2497 desideratam
1025 2442 1056 2496 et
1070 2444 1230 2516 promotam
1257 2437 1344 2501 unio-

359 2557 422 2602 nem
447 2547 586 2613 sanctam,
605 2538 634 2601 in
658 2537 761 2602 llossia
785 2549 886 2602 nostra
912 2537 1022 2622 integro
1037 2537 1074 2602 ab
1089 2540 1222 2604 omnihus
1242 2539 1344 2606 llossis

359 2643 459 2708 initam
473 2643 595 2710 vidoro?
609 2642 653 2706 lin
668 2645 783 2709 mudum
798 2644 868 2710 Tuae
882 2643 1060 2709 Beatitudini
1072 2665 1209 2730 suggero,
1223 2666 1343 2731 eumque

357 2753 475 2837 planum
490 2765 520 2818 ot
530 2753 619 2836 pium,
635 2753 801 2816 facillimum
814 2765 843 2817 ot
853 2753 1091 2819 efficacissimum.
1105 2752 1162 2818 Pro
1170 2757 1344 2822 auctoritate

359 2857 432 2934 Tua,
452 2877 510 2941 qua
532 2877 570 2921 ex
584 2856 638 2922 Dei
652 2858 785 2924 instituto
799 2857 903 2943 polles,
923 2858 965 2922 nil
987 2860 1162 2940 cunctando,
1186 2860 1233 2925 dic
1254 2874 1345 2948 caput

357 2964 485 3030 brachiis
510 2964 583 3028 Tuis
604 2985 669 3050 quae
683 2964 748 3030 Tibi
761 2965 790 3028 in
804 2966 859 3029 hoc
870 2964 1093 3050 praeclarissimo
1113 2988 1203 3053 regno
1216 2967 1343 3033 Polcniac

358 3082 435 3151 suns,
449 3053 701 3155 attemperant,
715 3070 940 3137 arterrsaecuna
955 3096 961 3134 ;
979 3071 1091 3137 niatu
1110 3093 1195 3157 repro
1214 3073 1343 3140 raulfe

358 3180 444 3256 uaio;
465 3190 495 3242 et
508 3179 598 3244 verbo
619 3179 701 3242 ocius
722 3180 798 3242 lacta
819 3179 1024 3264 conspicietur.
1047 3177 1126 3257 Quid
1140 3183 1213 3244 onim
1229 3181 1273 3245 Tu
1286 3203 1342 3247 non

357 3297 449 3370 potes,
474 3284 522 3369 qni
548 3297 762 3369 cooperatorem
785 3284 878 3348 Tuum
907 3285 1140 3371 Omnipotontem
1157 3286 1269 3351 habos?
1283 3287 1341 3365 Qui

357 3410 421 3454 eum
437 3391 479 3453 sis
499 3388 595 3453 tidelis
615 3389 677 3471 ejus
688 3408 789 3454 servus
800 3402 830 3454 ct
840 3390 969 3475 prudens
984 3391 1182 3474 dispensator,
1199 3411 1285 3476 super
1301 3393 1343 3456 la·

357 3497 463 3563 miliam
478 3498 541 3580 ojus
560 3499 749 3575 constitutus,
775 3510 809 3564 ut
827 3501 878 3565 des
900 3499 958 3563 illis
980 3499 1077 3563 cibum
1101 3499 1130 3561 in
1155 3510 1294 3582 temporo,
1313 3499 1341 3560 in

357 3624 443 3668 unum
463 3623 561 3668 omnes
575 3604 714 3688 colligere
729 3606 859 3670 studeas.
885 3605 1012 3670 Brachia
1034 3605 1102 3684 ista,
1120 3604 1143 3668 si
1162 3603 1255 3666 Tuum
1270 3603 1343 3670 illud

355 3707 425 3774 Fiat
447 3710 572 3772 unanimi
597 3731 738 3775 consensu
758 3711 922 3796 roceperint
942 3713 1117 3776 unanimiter
1141 3723 1171 3775 et
1195 3723 1343 3795 exequuta

355 3819 471 3898 luerint,
480 3819 574 3896 brevi,
586 3817 706 3882 Domino
718 3818 778 3883 Deo
793 3819 966 3904 opitulante,
983 3820 1062 3904 quod
1077 3821 1104 3882 in
1121 3820 1228 3885 Bossia
1241 3833 1342 3887 nostra

356 3927 417 3990 srori
431 3927 587 4006 desideres,
611 3928 735 4008 uidebis,
754 3939 784 3992 ot
802 3940 903 4012 optato
918 3927 1124 3992 sollicitudinis
1135 3926 1204 3991 Tuae
1214 3929 1271 3991 lino
1284 3949 1342 3991 su-

356 4045 465 4118 perstes
481 4033 645 4098 felicissimo
659 4035 810 4118 gaudebis.
826 4035 856 4098 Si
876 4055 945 4100 vero
960 4036 1080 4100 brachia
1096 4035 1152 4099 ista
1166 4035 1204 4098 ad
1219 4035 1340 4100 invicem

356 4143 472 4206 dissona
492 4143 544 4206 sibi
572 4143 686 4222 luerint,
705 4156 736 4209 ut
750 4144 827 4228 quod
851 4143 974 4208 alterurn
996 4163 1094 4206 corum
1123 4141 1249 4220 attollat,
1265 4141 1340 4207 alte-

355 4273 416 4315 rurn
428 4253 571 4317 sublatum
587 4251 738 4337 deprimet,
755 4254 860 4316 trustra
881 4251 1043 4327 laboratur,
1067 4253 1172 4316 trustra
1191 4264 1338 4334 oporatur,

355 4359 461 4422 lrustra
482 4369 663 4442 expectatur.
692 4357 781 4422 lmmc
806 4369 952 4422 certarnen
975 4358 1052 4422 istud
1080 4359 1137 4422 erit
1164 4358 1230 4442 plus
1258 4377 1343 4442 quem
