<?xml version="1.0" encoding="UTF-8"?>
<!DOCTYPE html PUBLIC "-//W3C//DTD XHTML 1.0 Transitional//EN"
    "http://www.w3.org/TR/xhtml1/DTD/xhtml1-transitional.dtd">
<html xmlns="http://www.w3.org/1999/xhtml" xml:lang="en" lang="en">
 <head>
  <title>
</title>
<meta http-equiv="Content-Type" content="text/html;charset=utf-8" />
  <meta name='ocr-system' content='tesseract 3.04.00' />
  <meta name='ocr-capabilities' content='ocr_page ocr_carea ocr_par ocr_line ocrx_word'/>
</head>
<body>
  <div class='ocr_page' id='page_1' title='image "./saulusetpaulusr00martgoog_0171.png"; bbox 0 0 4100 6009; ppageno 0'>
   <div class='ocr_carea' id='block_1_1' title="bbox 774 940 956 1004">
    <p class='ocr_par' dir='ltr' id='par_1_1' title="bbox 774 940 956 1004">
     <span class='ocr_line' id='line_1_1' title="bbox 774 940 956 1004; baseline 0.005 -1"><span class='ocrx_word' id='word_1_1' title='bbox 774 940 956 1004; x_wconf 85' lang='grc'><strong>-163-</strong></span> 
     </span>
    </p>
   </div>
   <div class='ocr_carea' id='block_1_2' title="bbox 361 1148 1353 4194">
    <p class='ocr_par' dir='ltr' id='par_1_2' title="bbox 361 1148 1349 2942">
     <span class='ocr_line' id='line_1_2' title="bbox 366 1148 1345 1245; baseline 0.006 -28"><span class='ocrx_word' id='word_1_2' title='bbox 366 1148 414 1218; x_wconf 84' lang='lat' dir='ltr'><strong>ita</strong></span> <span class='ocrx_word' id='word_1_3' title='bbox 433 1157 468 1218; x_wconf 89' lang='lat' dir='ltr'><strong>ul</strong></span> <span class='ocrx_word' id='word_1_4' title='bbox 491 1148 590 1219; x_wconf 89' lang='lat' dir='ltr'><strong>sucilc</strong></span> <span class='ocrx_word' id='word_1_5' title='bbox 611 1149 737 1244; x_wconf 88' lang='lat' dir='ltr'><strong>aperiri</strong></span> <span class='ocrx_word' id='word_1_6' title='bbox 756 1159 791 1218; x_wconf 89' lang='lat' dir='ltr'><strong>el</strong></span> <span class='ocrx_word' id='word_1_7' title='bbox 813 1148 935 1242; x_wconf 86' lang='lat' dir='ltr'><strong>inspici</strong></span> <span class='ocrx_word' id='word_1_8' title='bbox 959 1149 1119 1243; x_wconf 88' lang='lat' dir='ltr'><strong>potuerit.</strong></span> <span class='ocrx_word' id='word_1_9' title='bbox 1141 1151 1275 1245; x_wconf 86' lang='lat' dir='ltr'><strong>Diuque</strong></span> <span class='ocrx_word' id='word_1_10' title='bbox 1298 1153 1345 1223; x_wconf 85' lang='lat' dir='ltr'><strong>itu</strong></span> 
     </span>
     <span class='ocr_line' id='line_1_3' title="bbox 361 1270 1345 1367; baseline 0.006 -25"><span class='ocrx_word' id='word_1_11' title='bbox 361 1270 483 1359; x_wconf 80' lang='lat' dir='ltr'><strong>jacuit,</strong></span> <span class='ocrx_word' id='word_1_12' title='bbox 502 1273 632 1366; x_wconf 79' lang='lat' dir='ltr'><strong>absque</strong></span> <span class='ocrx_word' id='word_1_13' title='bbox 645 1272 713 1343; x_wconf 83' lang='lat' dir='ltr'><strong>ullu</strong></span> <span class='ocrx_word' id='word_1_14' title='bbox 728 1272 937 1367; x_wconf 81' lang='lat' dir='ltr'>corruptela,</span> <span class='ocrx_word' id='word_1_15' title='bbox 954 1274 1109 1364; x_wconf 84' lang='lat' dir='ltr'><strong>vigorem</strong></span> <span class='ocrx_word' id='word_1_16' title='bbox 1125 1297 1226 1346; x_wconf 90' lang='lat' dir='ltr'><strong>suum</strong></span> <span class='ocrx_word' id='word_1_17' title='bbox 1240 1297 1345 1348; x_wconf 86' lang='lat' dir='ltr'><strong>manu</strong></span> 
     </span>
     <span class='ocr_line' id='line_1_4' title="bbox 366 1395 1345 1493; baseline 0.004 -28"><span class='ocrx_word' id='word_1_18' title='bbox 366 1395 562 1468; x_wconf 84' lang='lat' dir='ltr'><strong>miralulosu</strong></span> <span class='ocrx_word' id='word_1_19' title='bbox 579 1403 806 1467; x_wconf 70' lang='lat' dir='ltr'><strong>conservante</strong></span> <span class='ocrx_word' id='word_1_20' title='bbox 827 1404 862 1466; x_wconf 89' lang='lat' dir='ltr'><strong>et</strong></span> <span class='ocrx_word' id='word_1_21' title='bbox 881 1395 992 1466; x_wconf 85' lang='lat' dir='ltr'><strong>Breve</strong></span> <span class='ocrx_word' id='word_1_22' title='bbox 1007 1405 1158 1468; x_wconf 87' lang='lat' dir='ltr'><strong>tenente.</strong></span> <span class='ocrx_word' id='word_1_23' title='bbox 1180 1399 1345 1493; x_wconf 83' lang='lat' dir='ltr'><strong>Ingruen-</strong></span> 
     </span>
     <span class='ocr_line' id='line_1_5' title="bbox 366 1515 1347 1614; baseline 0.009 -30"><span class='ocrx_word' id='word_1_24' title='bbox 366 1515 457 1588; x_wconf 85' lang='lat' dir='ltr'><strong>tibus</strong></span> <span class='ocrx_word' id='word_1_25' title='bbox 474 1517 691 1612; x_wconf 89' lang='lat' dir='ltr'><strong>postmodum</strong></span> <span class='ocrx_word' id='word_1_26' title='bbox 710 1518 809 1591; x_wconf 87' lang='lat' dir='ltr'><strong>bellis</strong></span> <span class='ocrx_word' id='word_1_27' title='bbox 825 1517 1001 1603; x_wconf 84' lang='lat' dir='ltr'><strong>Cosaticis,</strong></span> <span class='ocrx_word' id='word_1_28' title='bbox 1017 1519 1241 1614; x_wconf 80' lang='lat' dir='ltr'><strong>profundiore</strong></span> <span class='ocrx_word' id='word_1_29' title='bbox 1262 1543 1347 1593; x_wconf 90' lang='lat' dir='ltr'><strong>con-</strong></span> 
     </span>
     <span class='ocr_line' id='line_1_6' title="bbox 365 1635 1348 1740; baseline 0.008 -32"><span class='ocrx_word' id='word_1_30' title='bbox 365 1635 475 1709; x_wconf 88' lang='lat' dir='ltr'><strong>ditum</strong></span> <span class='ocrx_word' id='word_1_31' title='bbox 491 1641 615 1713; x_wconf 88' lang='lat' dir='ltr'><strong>scrobe</strong></span> <span class='ocrx_word' id='word_1_32' title='bbox 628 1641 784 1734; x_wconf 85' lang='lat' dir='ltr'><strong>quiescit.</strong></span> <span class='ocrx_word' id='word_1_33' title='bbox 808 1642 883 1712; x_wconf 93' lang='lat' dir='ltr'><strong>Non</strong></span> <span class='ocrx_word' id='word_1_34' title='bbox 908 1641 982 1713; x_wconf 91' lang='lat' dir='ltr'><strong>siue</strong></span> <span class='ocrx_word' id='word_1_35' title='bbox 997 1641 1163 1736; x_wconf 82' lang='lat' dir='ltr'><strong>singulari</strong></span> <span class='ocrx_word' id='word_1_36' title='bbox 1181 1644 1248 1715; x_wconf 92' lang='lat' dir='ltr'><strong>loci</strong></span> <span class='ocrx_word' id='word_1_37' title='bbox 1265 1666 1348 1740; x_wconf 92' lang='lat' dir='ltr'><strong>pro-</strong></span> 
     </span>
     <span class='ocr_line' id='line_1_7' title="bbox 366 1761 1347 1849; baseline 0.006 -19"><span class='ocrx_word' id='word_1_38' title='bbox 366 1761 514 1832; x_wconf 83' lang='lat' dir='ltr'><strong>lectione</strong></span> <span class='ocrx_word' id='word_1_39' title='bbox 538 1762 574 1832; x_wconf 92' lang='lat' dir='ltr'><strong>in</strong></span> <span class='ocrx_word' id='word_1_40' title='bbox 598 1763 758 1836; x_wconf 90' lang='lat' dir='ltr'><strong>omnibus</strong></span> <span class='ocrx_word' id='word_1_41' title='bbox 786 1763 1017 1849; x_wconf 81' lang='lat' dir='ltr'><strong>Tartarorum,</strong></span> <span class='ocrx_word' id='word_1_42' title='bbox 1049 1763 1347 1837; x_wconf 88' lang='lat' dir='ltr'><strong>schismaticorum</strong></span> 
     </span>
     <span class='ocr_line' id='line_1_8' title="bbox 366 1885 1344 1976; baseline 0.006 -23"><span class='ocrx_word' id='word_1_43' title='bbox 366 1893 401 1954; x_wconf 88' lang='lat' dir='ltr'><strong>et</strong></span> <span class='ocrx_word' id='word_1_44' title='bbox 422 1903 623 1957; x_wconf 84' lang='lat' dir='ltr'><strong>cosuoorum</strong></span> <span class='ocrx_word' id='word_1_45' title='bbox 647 1885 919 1957; x_wconf 88' lang='lat' dir='ltr'><strong>incursionibus:</strong></span> <span class='ocrx_word' id='word_1_46' title='bbox 939 1907 1017 1956; x_wconf 90' lang='lat' dir='ltr'><strong>cum</strong></span> <span class='ocrx_word' id='word_1_47' title='bbox 1036 1885 1165 1956; x_wconf 83' lang='lat' dir='ltr'><strong>alinea</strong></span> <span class='ocrx_word' id='word_1_48' title='bbox 1182 1887 1344 1976; x_wconf 83' lang='lat' dir='ltr'><strong>cosutiou,</strong></span> 
     </span>
     <span class='ocr_line' id='line_1_9' title="bbox 367 2007 1348 2104; baseline 0.003 -25"><span class='ocrx_word' id='word_1_49' title='bbox 367 2009 486 2104; x_wconf 79' lang='lat' dir='ltr'><strong>lloryn</strong></span> <span class='ocrx_word' id='word_1_50' title='bbox 522 2008 683 2081; x_wconf 89' lang='lat' dir='ltr'><strong>videlicet</strong></span> <span class='ocrx_word' id='word_1_51' title='bbox 720 2008 839 2096; x_wconf 82' lang='lat' dir='ltr'><strong>ssurio,</strong></span> <span class='ocrx_word' id='word_1_52' title='bbox 878 2007 970 2080; x_wconf 90' lang='lat' dir='ltr'><strong>istud</strong></span> <span class='ocrx_word' id='word_1_53' title='bbox 1012 2010 1256 2081; x_wconf 84' lang='lat' dir='ltr'><strong>monasterium</strong></span> <span class='ocrx_word' id='word_1_54' title='bbox 1288 2011 1348 2083; x_wconf 80' lang='lat' dir='ltr'><strong>vix</strong></span> 
     </span>
     <span class='ocr_line' id='line_1_10' title="bbox 367 2129 1349 2231; baseline 0.007 -29"><span class='ocrx_word' id='word_1_55' title='bbox 367 2129 502 2205; x_wconf 86' lang='lat' dir='ltr'><strong>duabus</strong></span> <span class='ocrx_word' id='word_1_56' title='bbox 517 2131 621 2204; x_wconf 88' lang='lat' dir='ltr'><strong>distet</strong></span> <span class='ocrx_word' id='word_1_57' title='bbox 648 2133 769 2220; x_wconf 90' lang='lat' dir='ltr'><strong>leucis,</strong></span> <span class='ocrx_word' id='word_1_58' title='bbox 800 2143 835 2207; x_wconf 87' lang='lat' dir='ltr'><strong>et</strong></span> <span class='ocrx_word' id='word_1_59' title='bbox 864 2133 1063 2206; x_wconf 85' lang='lat' dir='ltr'><strong>inviolatam</strong></span> <span class='ocrx_word' id='word_1_60' title='bbox 1096 2134 1132 2205; x_wconf 92' lang='lat' dir='ltr'><strong>in</strong></span> <span class='ocrx_word' id='word_1_61' title='bbox 1171 2156 1213 2207; x_wconf 84' lang='lat' dir='ltr'><strong>ea</strong></span> <span class='ocrx_word' id='word_1_62' title='bbox 1242 2159 1349 2231; x_wconf 88' lang='lat' dir='ltr'><strong>usque</strong></span> 
     </span>
     <span class='ocr_line' id='line_1_11' title="bbox 367 2253 1348 2351; baseline 0.005 -24"><span class='ocrx_word' id='word_1_63' title='bbox 367 2265 521 2351; x_wconf 86' lang='lat' dir='ltr'><strong>temporo</strong></span> <span class='ocrx_word' id='word_1_64' title='bbox 541 2257 721 2329; x_wconf 84' lang='lat' dir='ltr'><strong>catholioae</strong></span> <span class='ocrx_word' id='word_1_65' title='bbox 738 2256 876 2330; x_wconf 89' lang='lat' dir='ltr'><strong>unionis</strong></span> <span class='ocrx_word' id='word_1_66' title='bbox 892 2253 997 2328; x_wconf 85' lang='lat' dir='ltr'><strong>fidem</strong></span> <span class='ocrx_word' id='word_1_67' title='bbox 1011 2269 1204 2330; x_wconf 84' lang='lat' dir='ltr'><strong>conservet.</strong></span> <span class='ocrx_word' id='word_1_68' title='bbox 1221 2259 1348 2332; x_wconf 87' lang='lat' dir='ltr'><strong>Solutis</strong></span> 
     </span>
     <span class='ocr_line' id='line_1_12' title="bbox 368 2375 1349 2474; baseline 0.005 -27"><span class='ocrx_word' id='word_1_69' title='bbox 368 2375 583 2461; x_wconf 85' lang='lat' dir='ltr'><strong>funebribus,</strong></span> <span class='ocrx_word' id='word_1_70' title='bbox 600 2378 713 2450; x_wconf 87' lang='lat' dir='ltr'><strong>cilicia</strong></span> <span class='ocrx_word' id='word_1_71' title='bbox 729 2377 795 2449; x_wconf 86' lang='lat' dir='ltr'><strong>viri</strong></span> <span class='ocrx_word' id='word_1_72' title='bbox 810 2378 882 2464; x_wconf 86' lang='lat' dir='ltr'><strong>Dei,</strong></span> <span class='ocrx_word' id='word_1_73' title='bbox 898 2377 986 2449; x_wconf 79' lang='lat' dir='ltr'><strong>varii</strong></span> <span class='ocrx_word' id='word_1_74' title='bbox 1008 2377 1111 2450; x_wconf 85' lang='lat' dir='ltr'><strong>uvida</strong></span> <span class='ocrx_word' id='word_1_75' title='bbox 1133 2378 1349 2474; x_wconf 87' lang='lat' dir='ltr'><strong>diripuerunt</strong></span> 
     </span>
     <span class='ocr_line' id='line_1_13' title="bbox 368 2498 1343 2597; baseline 0.003 -26"><span class='ocrx_word' id='word_1_76' title='bbox 368 2498 563 2572; x_wconf 85' lang='lat' dir='ltr'><strong>devotione.</strong></span> <span class='ocrx_word' id='word_1_77' title='bbox 604 2501 716 2574; x_wconf 91' lang='lat' dir='ltr'><strong>Unum</strong></span> <span class='ocrx_word' id='word_1_78' title='bbox 753 2501 901 2597; x_wconf 89' lang='lat' dir='ltr'><strong>losepbo</strong></span> <span class='ocrx_word' id='word_1_79' title='bbox 942 2501 1202 2596; x_wconf 84' lang='lat' dir='ltr'><strong>archiepiscopo</strong></span> <span class='ocrx_word' id='word_1_80' title='bbox 1228 2501 1343 2574; x_wconf 87' lang='lat' dir='ltr'><strong>cessit.</strong></span> 
     </span>
     <span class='ocr_line' id='line_1_14' title="bbox 367 2623 1348 2717; baseline 0.001 -23"><span class='ocrx_word' id='word_1_81' title='bbox 367 2623 526 2717; x_wconf 80' lang='lat' dir='ltr'><strong>Flagrum</strong></span> <span class='ocrx_word' id='word_1_82' title='bbox 547 2624 622 2716; x_wconf 87' lang='lat' dir='ltr'><strong>ejus</strong></span> <span class='ocrx_word' id='word_1_83' title='bbox 649 2624 831 2711; x_wconf 87' lang='lat' dir='ltr'><strong>horribile,</strong></span> <span class='ocrx_word' id='word_1_84' title='bbox 860 2625 1020 2696; x_wconf 85' lang='lat' dir='ltr'><strong>thesauro</strong></span> <span class='ocrx_word' id='word_1_85' title='bbox 1046 2625 1244 2696; x_wconf 84' lang='lat' dir='ltr'><strong>monasterii</strong></span> <span class='ocrx_word' id='word_1_86' title='bbox 1266 2625 1348 2695; x_wconf 87' lang='lat' dir='ltr'><strong>illa-</strong></span> 
     </span>
     <span class='ocr_line' id='line_1_15' title="bbox 368 2748 1347 2844; baseline 0.003 -27"><span class='ocrx_word' id='word_1_87' title='bbox 368 2757 453 2832; x_wconf 84' lang='lat' dir='ltr'><strong>tum,</strong></span> <span class='ocrx_word' id='word_1_88' title='bbox 488 2748 740 2844; x_wconf 86' lang='lat' dir='ltr'><strong>inexemplum</strong></span> <span class='ocrx_word' id='word_1_89' title='bbox 772 2748 1043 2834; x_wconf 86' lang='lat' dir='ltr'><strong>successoribus,</strong></span> <span class='ocrx_word' id='word_1_90' title='bbox 1080 2748 1115 2818; x_wconf 94' lang='lat' dir='ltr'><strong>in</strong></span> <span class='ocrx_word' id='word_1_91' title='bbox 1146 2749 1347 2820; x_wconf 86' lang='lat' dir='ltr'><strong>memorium</strong></span> 
     </span>
     <span class='ocr_line' id='line_1_16' title="bbox 369 2869 600 2942; baseline 0.013 -3"><span class='ocrx_word' id='word_1_92' title='bbox 369 2869 600 2942; x_wconf 81' lang='lat' dir='ltr'><strong>Meletieuam.</strong></span> 
     </span>
    </p>

    <p class='ocr_par' dir='ltr' id='par_1_3' title="bbox 369 2993 1352 3945">
     <span class='ocr_line' id='line_1_17' title="bbox 417 2993 1350 3087; baseline 0.002 -25"><span class='ocrx_word' id='word_1_93' title='bbox 417 2993 500 3066; x_wconf 80' lang='lat' dir='ltr'><strong>Haec</strong></span> <span class='ocrx_word' id='word_1_94' title='bbox 511 2993 653 3080; x_wconf 88' lang='lat' dir='ltr'><strong>Meletii,</strong></span> <span class='ocrx_word' id='word_1_95' title='bbox 669 3016 716 3068; x_wconf 79' lang='lat' dir='ltr'><strong>ex</strong></span> <span class='ocrx_word' id='word_1_96' title='bbox 729 2993 823 3066; x_wconf 84' lang='lat' dir='ltr'><strong>unita</strong></span> <span class='ocrx_word' id='word_1_97' title='bbox 836 2993 955 3064; x_wconf 83' lang='lat' dir='ltr'><strong>Russia</strong></span> <span class='ocrx_word' id='word_1_98' title='bbox 967 2994 1150 3070; x_wconf 76' lang='lat' dir='ltr'><strong>laboriosae</strong></span> <span class='ocrx_word' id='word_1_99' title='bbox 1164 2993 1238 3087; x_wconf 83' lang='lat' dir='ltr'><strong>apis</strong></span> <span class='ocrx_word' id='word_1_100' title='bbox 1250 3004 1350 3066; x_wconf 85' lang='lat' dir='ltr'><strong>aeter·</strong></span> 
     </span>
     <span class='ocr_line' id='line_1_18' title="bbox 370 3115 1349 3208; baseline 0.001 -23"><span class='ocrx_word' id='word_1_101' title='bbox 370 3127 450 3187; x_wconf 83' lang='lat' dir='ltr'><strong>neta</strong></span> <span class='ocrx_word' id='word_1_102' title='bbox 471 3117 585 3202; x_wconf 84' lang='lat' dir='ltr'><strong>mello,</strong></span> <span class='ocrx_word' id='word_1_103' title='bbox 602 3138 663 3187; x_wconf 92' lang='lat' dir='ltr'><strong>seu</strong></span> <span class='ocrx_word' id='word_1_104' title='bbox 679 3115 807 3186; x_wconf 85' lang='lat' dir='ltr'><strong>mellito</strong></span> <span class='ocrx_word' id='word_1_105' title='bbox 826 3135 946 3208; x_wconf 84' lang='lat' dir='ltr'><strong>opera,</strong></span> <span class='ocrx_word' id='word_1_106' title='bbox 962 3115 1101 3186; x_wconf 85' lang='lat' dir='ltr'><strong>mellitis</strong></span> <span class='ocrx_word' id='word_1_107' title='bbox 1114 3116 1349 3187; x_wconf 82' lang='lat' dir='ltr'><strong>Eminentissi-</strong></span> 
     </span>
     <span class='ocr_line' id='line_1_19' title="bbox 371 3235 1350 3332; baseline 0.003 -24"><span class='ocrx_word' id='word_1_108' title='bbox 371 3260 437 3312; x_wconf 83' lang='lat' dir='ltr'><strong>mae</strong></span> <span class='ocrx_word' id='word_1_109' title='bbox 449 3239 649 3310; x_wconf 83' lang='lat' dir='ltr'><strong>Berherinae</strong></span> <span class='ocrx_word' id='word_1_110' title='bbox 661 3236 784 3309; x_wconf 89' lang='lat' dir='ltr'><strong>domus</strong></span> <span class='ocrx_word' id='word_1_111' title='bbox 798 3236 931 3332; x_wconf 87' lang='lat' dir='ltr'><strong>apibus,</strong></span> <span class='ocrx_word' id='word_1_112' title='bbox 943 3235 1067 3310; x_wconf 84' lang='lat' dir='ltr'><strong>offerre</strong></span> <span class='ocrx_word' id='word_1_113' title='bbox 1079 3237 1226 3331; x_wconf 81' lang='lat' dir='ltr'><strong>placuit;</strong></span> <span class='ocrx_word' id='word_1_114' title='bbox 1243 3238 1350 3311; x_wconf 82' lang='lat' dir='ltr'><strong>utillo</strong></span> 
     </span>
     <span class='ocr_line' id='line_1_20' title="bbox 369 3356 1350 3456; baseline 0 -24"><span class='ocrx_word' id='word_1_115' title='bbox 369 3361 414 3432; x_wconf 85' lang='lat' dir='ltr'><strong>ub</strong></span> <span class='ocrx_word' id='word_1_116' title='bbox 434 3361 509 3434; x_wconf 89' lang='lat' dir='ltr'><strong>istis</strong></span> <span class='ocrx_word' id='word_1_117' title='bbox 524 3364 646 3434; x_wconf 87' lang='lat' dir='ltr'><strong>lortem</strong></span> <span class='ocrx_word' id='word_1_118' title='bbox 664 3361 925 3456; x_wconf 91' lang='lat' dir='ltr'><strong>protectionem,</strong></span> <span class='ocrx_word' id='word_1_119' title='bbox 939 3356 1098 3430; x_wconf 81' lang='lat' dir='ltr'><strong>benefica</strong></span> <span class='ocrx_word' id='word_1_120' title='bbox 1111 3361 1227 3446; x_wconf 84' lang='lat' dir='ltr'><strong>mella,</strong></span> <span class='ocrx_word' id='word_1_121' title='bbox 1248 3361 1350 3432; x_wconf 90' lang='lat' dir='ltr'><strong>illus-</strong></span> 
     </span>
     <span class='ocr_line' id='line_1_21' title="bbox 371 3480 1351 3576; baseline 0.002 -26"><span class='ocrx_word' id='word_1_122' title='bbox 371 3492 440 3553; x_wconf 86' lang='lat' dir='ltr'><strong>tres</strong></span> <span class='ocrx_word' id='word_1_123' title='bbox 457 3483 586 3576; x_wconf 81' lang='lat' dir='ltr'><strong>gratias</strong></span> <span class='ocrx_word' id='word_1_124' title='bbox 602 3483 758 3555; x_wconf 84' lang='lat' dir='ltr'><strong>Russiam</strong></span> <span class='ocrx_word' id='word_1_125' title='bbox 771 3480 967 3575; x_wconf 88' lang='lat' dir='ltr'><strong>percepisse</strong></span> <span class='ocrx_word' id='word_1_126' title='bbox 985 3488 1146 3564; x_wconf 85' lang='lat' dir='ltr'><strong>testetur;</strong></span> <span class='ocrx_word' id='word_1_127' title='bbox 1167 3481 1242 3552; x_wconf 84' lang='lat' dir='ltr'><strong>istae</strong></span> <span class='ocrx_word' id='word_1_128' title='bbox 1258 3480 1351 3552; x_wconf 86' lang='lat' dir='ltr'><strong>illam</strong></span> 
     </span>
     <span class='ocr_line' id='line_1_22' title="bbox 370 3600 1350 3699; baseline 0 -26"><span class='ocrx_word' id='word_1_129' title='bbox 370 3603 442 3674; x_wconf 92' lang='lat' dir='ltr'><strong>suis</strong></span> <span class='ocrx_word' id='word_1_130' title='bbox 457 3603 607 3689; x_wconf 73' lang='lat' dir='ltr'><strong>invictb,</strong></span> <span class='ocrx_word' id='word_1_131' title='bbox 623 3604 703 3699; x_wconf 82' lang='lat' dir='ltr'><strong>quio</strong></span> <span class='ocrx_word' id='word_1_132' title='bbox 720 3602 843 3690; x_wconf 89' lang='lat' dir='ltr'><strong>tribus,</strong></span> <span class='ocrx_word' id='word_1_133' title='bbox 862 3602 967 3673; x_wconf 88' lang='lat' dir='ltr'><strong>immo</strong></span> <span class='ocrx_word' id='word_1_134' title='bbox 984 3600 1174 3696; x_wconf 87' lang='lat' dir='ltr'><strong>triplicibus</strong></span> <span class='ocrx_word' id='word_1_135' title='bbox 1189 3601 1350 3673; x_wconf 83' lang='lat' dir='ltr'><strong>Eminen-</strong></span> 
     </span>
     <span class='ocr_line' id='line_1_23' title="bbox 370 3724 1352 3821; baseline -0.001 -24"><span class='ocrx_word' id='word_1_136' title='bbox 370 3728 428 3801; x_wconf 86' lang='lat' dir='ltr'><strong>tiae</strong></span> <span class='ocrx_word' id='word_1_137' title='bbox 444 3729 606 3800; x_wconf 88' lang='lat' dir='ltr'><strong>luniculis</strong></span> <span class='ocrx_word' id='word_1_138' title='bbox 621 3728 803 3821; x_wconf 80' lang='lat' dir='ltr'><strong>colligatis,</strong></span> <span class='ocrx_word' id='word_1_139' title='bbox 827 3727 901 3798; x_wconf 87' lang='lat' dir='ltr'><strong>sive</strong></span> <span class='ocrx_word' id='word_1_140' title='bbox 919 3724 1154 3820; x_wconf 87' lang='lat' dir='ltr'><strong>protectionis,</strong></span> <span class='ocrx_word' id='word_1_141' title='bbox 1175 3724 1303 3797; x_wconf 79' lang='lat' dir='ltr'><strong>luroris</strong></span> <span class='ocrx_word' id='word_1_142' title='bbox 1316 3737 1352 3796; x_wconf 85' lang='lat' dir='ltr'><strong>et</strong></span> 
     </span>
     <span class='ocr_line' id='line_1_24' title="bbox 371 3849 959 3945; baseline -0.003 -25"><span class='ocrx_word' id='word_1_143' title='bbox 371 3851 493 3941; x_wconf 81' lang='lat' dir='ltr'><strong>grotiae</strong></span> <span class='ocrx_word' id='word_1_144' title='bbox 508 3849 696 3945; x_wconf 82' lang='lat' dir='ltr'><strong>praesidiis,</strong></span> <span class='ocrx_word' id='word_1_145' title='bbox 712 3850 959 3922; x_wconf 85' lang='lat' dir='ltr'><strong>communiant.</strong></span> 
     </span>
    </p>

    <p class='ocr_par' dir='ltr' id='par_1_4' title="bbox 371 3965 1353 4194">
     <span class='ocr_line' id='line_1_25' title="bbox 419 3965 1353 4071; baseline -0.006 -27"><span class='ocrx_word' id='word_1_146' title='bbox 419 3974 473 4044; x_wconf 84' lang='lat' dir='ltr'><strong>Ex</strong></span> <span class='ocrx_word' id='word_1_147' title='bbox 489 3995 559 4067; x_wconf 91' lang='lat' dir='ltr'><strong>quo</strong></span> <span class='ocrx_word' id='word_1_148' title='bbox 582 3973 653 4071; x_wconf 70' lang='lat' dir='ltr'><strong>rapi</strong></span> <span class='ocrx_word' id='word_1_149' title='bbox 675 3971 863 4047; x_wconf 78' lang='lat' dir='ltr'><strong>soculorum</strong></span> <span class='ocrx_word' id='word_1_150' title='bbox 886 3967 1075 4053; x_wconf 74' lang='lat' dir='ltr'><strong>immortali,</strong></span> <span class='ocrx_word' id='word_1_151' title='bbox 1100 3965 1269 4051; x_wconf 79' lang='lat' dir='ltr'><strong>invisibili,</strong></span> <span class='ocrx_word' id='word_1_152' title='bbox 1293 3965 1353 4038; x_wconf 77' lang='lat' dir='ltr'><strong>soti</strong></span> 
     </span>
     <span class='ocr_line' id='line_1_26' title="bbox 371 4091 1188 4194; baseline -0.007 -27"><span class='ocrx_word' id='word_1_153' title='bbox 371 4097 446 4180; x_wconf 85' lang='lat' dir='ltr'><strong>Deo,</strong></span> <span class='ocrx_word' id='word_1_154' title='bbox 474 4091 572 4167; x_wconf 76' lang='lat' dir='ltr'><strong>bonor</strong></span> <span class='ocrx_word' id='word_1_155' title='bbox 587 4110 618 4168; x_wconf 83' lang='lat' dir='ltr'><strong>et</strong></span> <span class='ocrx_word' id='word_1_156' title='bbox 641 4096 750 4194; x_wconf 78' lang='lat' dir='ltr'><strong>pluria</strong></span> <span class='ocrx_word' id='word_1_157' title='bbox 775 4099 809 4169; x_wconf 92' lang='lat' dir='ltr'><strong>iu</strong></span> <span class='ocrx_word' id='word_1_158' title='bbox 826 4097 955 4169; x_wconf 84' lang='lat' dir='ltr'><strong>saecula</strong></span> <span class='ocrx_word' id='word_1_159' title='bbox 971 4092 1188 4166; x_wconf 83' lang='lat' dir='ltr'><strong>saeculorum.</strong></span> 
     </span>
    </p>
   </div>
   <div class='ocr_carea' id='block_1_3' title="bbox 598 4321 1121 4378">
    <p class='ocr_par' dir='ltr' id='par_1_5' title="bbox 598 4321 1121 4378">
     <span class='ocr_line' id='line_1_27' title="bbox 598 4321 1121 4378; baseline -0.013 0"><span class='ocrx_word' id='word_1_160' title='bbox 598 4321 1121 4378; x_wconf 31' lang='lat' dir='ltr'><strong>&amp;wc-w·—</strong></span> 
     </span>
    </p>
   </div>
   <div class='ocr_carea' id='block_1_4' title="bbox 0 0 2067 6004">
    <p class='ocr_par' dir='ltr' id='par_1_6' title="bbox 0 0 2067 6004">
     <span class='ocr_line' id='line_1_28' title="bbox 0 0 2067 6004; baseline 0 0"><span class='ocrx_word' id='word_1_161' title='bbox 0 0 2067 6004; x_wconf 95' lang='lat' dir='ltr'><strong> </strong></span> 
     </span>
    </p>
   </div>
  </div>
 </body>
</html>
