4100 6009
1102 891 1263 955 ,34-

694 1108 765 1179 Deo
782 1105 842 1176 uni
858 1104 1016 1195 trinoque
1040 1099 1263 1194 spopondisse
1289 1120 1329 1172 ac
1351 1099 1546 1172 devovisse.
1567 1104 1673 1176 Batus

693 1226 965 1301 misericordem.
979 1225 1175 1310 nominum,
1215 1243 1292 1294 eam
1326 1244 1347 1294 a
1378 1234 1481 1317 gente
1509 1225 1670 1297 Ruthena

691 1353 837 1446 aliisque
861 1372 931 1423 non
959 1362 1168 1432 amoturum,
1195 1345 1352 1418 simodo
1384 1346 1493 1435 illam,
1515 1359 1551 1420 ut
1582 1348 1684 1423 dra--

692 1476 829 1547 chmam
850 1473 944 1545 omni
960 1472 1074 1567 pretio
1098 1470 1325 1565 superiorem,
1350 1492 1496 1543 accensa
1517 1470 1671 1577 caritatis

692 1600 835 1671 lucerna
858 1594 1143 1692 pervestigarent.

740 1724 847 1810 Porro
858 1719 994 1792 labores
1008 1716 1083 1808 ejus
1096 1717 1131 1789 in
1150 1736 1192 1788 ea
1213 1715 1491 1811 peregrinatione
1507 1718 1680 1789 exantla-

692 1859 770 1934 tos,
798 1852 957 1940 superata
987 1841 1075 1912 mari
1115 1848 1276 1934 terraque
1305 1838 1533 1929 discrimina„
1550 1861 1671 1935 preces

692 1990 808 2041 coram
830 1969 903 2039 Deo
934 1968 1041 2051 tusas,
1067 1963 1227 2056 gemitus,
1249 1963 1420 2049 lacrimas,
1444 1962 1606 2051 esuriem,
1621 1965 1671 2035 ci-

690 2091 782 2178 licia,
801 2088 1181 2183 degenerantemque
1207 2084 1361 2181 corporis
1382 2085 1677 2175 conflictationes,

691 2236 755 2311 pro
769 2208 1018 2306 suscipiendae
1033 2206 1200 2281 Ruthenis
1218 2208 1345 2278 unione
1361 2216 1479 2277 sancta
1493 2209 1666 2298 toleratas,

691 2357 872 2409 recensere
893 2332 1100 2429 perarduum
1119 2331 1233 2403 suerit.
1258 2331 1325 2402 Per
1344 2350 1424 2424 quae
1448 2330 1671 2406 illemediare

691 2478 806 2529 coram
825 2458 908 2541 Deo,
927 2477 990 2551 pro
1007 2464 1110 2546 gente
1123 2473 1197 2537 sua,
1218 2461 1256 2523 ut
1271 2452 1420 2547 Moyses,
1439 2474 1616 2547 opponere
1630 2476 1669 2526 se

691 2582 776 2664 Deo,
794 2588 833 2651 ut
856 2588 988 2649 amator
1015 2576 1133 2672 populi
1162 2575 1366 2659 Hieremias,
1401 2577 1582 2649 anathema
1606 2599 1670 2671 pro

691 2704 852 2776 fratribus
863 2700 953 2787 fieri,
971 2710 1007 2772 ut
1024 2699 1162 2785 Paulus,
1186 2699 1393 2793 peroptavit,
1412 2700 1517 2773 modo
1532 2702 1668 2773 unicam

690 2826 808 2898 salutis
819 2825 926 2909 viam,
943 2825 1130 2894 salutarem
1144 2821 1302 2893 ecclesiae
1317 2824 1481 2894 Romanae
1490 2823 1665 2911 unionem,

690 2950 993 3044 amplecterentur.

737 3075 859 3168 Neque
867 3070 1055 3143 reticentiae
1076 3072 1254 3144 involvere
1267 3074 1379 3143 visum
1393 3083 1458 3159 est,
1470 3074 1670 3168 quasetiam

690 3196 804 3270 cordis
820 3196 877 3266 itte
895 3195 1085 3288 angustias,
1103 3194 1138 3267 in
1150 3195 1194 3267 iis
1206 3196 1463 3267 christianitatis
1480 3196 1672 3269 incunabu-

686 3319 742 3404 lis,
755 3316 1114 3410 etpietatisquondam
1124 3317 1347 3389 fervescentis
1363 3316 1543 3389 domiciliis
1555 3318 1671 3391 subie-

688 3440 745 3511 rit.
780 3440 964 3510 Extorrem
994 3440 1089 3510 euim
1120 3441 1244 3511 factam
1272 3439 1364 3511 illinc
1394 3440 1666 3527 sanctimoniam,

688 3562 955 3647 exterminatam
996 3568 1135 3655 penitus
1175 3562 1357 3633 scientiam
1394 3562 1568 3634 contuitus
1600 3574 1663 3635 est.

687 3680 806 3769 Nullos
833 3681 983 3775 amplius
1019 3680 1213 3766 Antonios;
1247 3683 1360 3754 nullos
1392 3682 1663 3777 chrysostomos

687 3802 839 3874 Externa
865 3803 1047 3899 probitatis
1064 3806 1210 3900 insignia
1227 3814 1262 3876 et
1279 3806 1502 3877 monasticam
1521 3816 1667 3895 vestem,

687 3920 802 4014 rigore
815 3923 930 4019 aliquo
944 3925 1156 4016 decoratam,
1172 3928 1288 4021 magni
1301 3928 1475 4000 aestimari.
1492 3928 1541 4001 Ea
1554 3938 1666 4003 tamen

686 4046 761 4140 ipsa
792 4048 855 4137 vix
884 4049 999 4121 videri
1026 4051 1173 4145 sincera.
1209 4052 1378 4145 lllumque
1406 4052 1607 4145 magistrum
1631 4054 1667 4123 in

687 4168 804 4255 lsrael,
824 4170 885 4263 qui
902 4194 1054 4265 graecum
1083 4174 1211 4247 idioma
1238 4176 1295 4249 vel
1324 4174 1445 4270 primis
1467 4172 1574 4246 labris
1590 4174 1667 4245 atti

684 4292 803 4383 gissett
819 4277 1041 4389 Cum'quibus
1058 4296 1105 4370 de
1121 4300 1200 4371 altis
1213 4300 1411 4373 christianae
1430 4298 1481 4371 rei
1494 4296 1670 4399 mysteriis
