4100 6009
1094 925 1276 990 -tatt-

758 1159 773 1198 a
791 1130 920 1205 Sed'ea
934 1129 1486 1230 minuscurantem..depraectaro
1495 1157 1684 1211 eoromso-

701 1254 821 1330 daiitio
837 1253 1013 1330 sollicitari
1026 1281 1035 1340 ;
1050 1277 1097 1326 ex
1109 1255 1261 1350 quoiam
1277 1255 1410 1330 dudam
1425 1260 1592 1332 nominati
1603 1284 1682 1357 pro-

701 1377 847 1452 deo'ntes
858 1377 1024 1472 theologi,
1041 1393 1077 1449 et
1089 1378 1245 1452 itussiam
1258 1378 1452 1454 herenius
1464 1383 1629 1470 infecere,
1644 1396 1681 1458 et

699 1501 785 1576 iliud
796 1502 908 1596 ipsum
922 1501 971 1572 iiii
987 1501 1180 1574 Salvatoris
1193 1501 1309 1574 edioto
1332 1531 1340 1574 :
1360 1527 1407 1576 ae
1415 1529 1479 1601 per
1494 1530 1681 1605 param

698 1625 774 1702 dala
786 1625 909 1724 flereat,
928 1625 1119 1698 obnoxiam
1137 1605 1334 1699 reddidere.
1353 1627 1442 1701 illud
1462 1631 1568 1724 igitur
1587 1632 1679 1704 ailo-

699 1749 773 1844 qni,
789 1769 835 1820 ex
851 1769 921 1843 quo
934 1749 1060 1821 maium
1074 1761 1324 1843 promanasset.
1340 1747 1402 1822 Coi
1415 1761 1454 1823 nt
1464 1752 1675 1842 moderarer,

702 1867 892 1968 Apotcpa'om
916 1870 1105 1966 scripsisse.
1130 1869 1286 1958 Viderat,
1303 1871 1381 1966 quis
1400 1871 1449 1944 iiii
1469 1872 1681 1965 injuriosas?

701 1992 761 2064 ille
777 2014 836 2080 ne,
853 1992 915 2087 qui
930 1993 1023 2064 mala
1037 1992 1113 2085 eJus
1128 1993 1342 2066 revelasset?
1358 2014 1403 2065 an
1420 1994 1578 2090 synodus
1591 1995 1679 2066 Kio-

702 2117 844 2205 viensis,
868 2137 949 2213 quae
965 2125 1098 2188 tantam
1117 2114 1240 2202 obtuit,
1257 2126 1295 2188 nt
1311 2117 1464 2190 revetata
1480 2141 1544 2214 per
1558 2117 1681 2216 Apolo-

698 2237 789 2336 piom
804 2241 1036 2334 reprobasset,
1052 2249 1091 2311 ot
1104 2239 1220 2335 potios
1229 2240 1325 2314 iiiam
1338 2240 1446 2335 ipsam
1459 2241 1681 2320 damnasset?

699 2360 846 2455 proinde
870 2383 939 2436 non
965 2363 1113 2457 amplius
1136 2383 1178 2434 ea
1203 2363 1381 2448 toleraret,
1403 2363 1466 2436 sed
1490 2366 1677 2458 abjiceret,

702 2485 835 2578 legeret
855 2483 1058 2582 Apolopr'am,
1087 2494 1123 2558 et
1145 2505 1268 2557 mom
1288 2485 1518 2581 dignosceret.
1546 2491 1679 2585 Spera-

702 2629 808 2702 reque
820 2629 872 2694 se,
889 2617 926 2681 ut
938 2618 975 2680 et
986 2587 1267 2684 haeresimeiiasa
1280 2630 1331 2695 se,
1345 2609 1535 2704 Rossiaque
1547 2611 1682 2706 propei

702 2732 764 2817 iat,
783 2742 819 2804 et
833 2731 1067 2805 desideratam
1078 2732 1115 2803 in
1127 2752 1204 2804 eam
1220 2753 1339 2827 paoem
1357 2731 1564 2805 introducat.
1588 2735 1681 2807 Sanc

700 2855 807 2927 vellet
826 2877 943 2928 secum
956 2854 1035 2928 irati
1051 2857 1210 2929 Numinis
1224 2857 1344 2953 pingas
1362 2856 1553 2943 discutere3
1575 2855 1680 2930 nimi-

702 3000 778 3050 ram
794 2977 981 3065 linthenos,
997 2980 1250 3075 quamprimum
1268 2980 1496 3075 apastoribus
1509 2981 1679 3059 recessis-

702 3109 792 3188 sent,
808 3100 845 3174 in
857 3101 1011 3175 haereses
1027 3099 1201 3174 incidisse.
1226 3102 1270 3178 Et
1285 3101 1346 3196 qoi
1363 3099 1561 3174 dictitarent
1578 3102 1680 3174 malie

605 3301 608 3308 ,
701 3223 829 3319 sejugo
836 3226 946 3320 premi
954 3224 1176 3310 ottomanico,
1192 3247 1294 3318 quam
1309 3246 1451 3297 romana
1467 3225 1677 3313 obedientia,

702 3346 906 3441 corporibus
922 3347 1021 3419 brevi
1035 3347 1119 3431 suis,
1138 3346 1306 3420 eitussiae
1318 3346 1508 3440 provinciis
1521 3369 1586 3443 per
1599 3349 1681 3420 Tar-

701 3471 795 3544 taros'
812 3471 931 3567 raptis,
949 3471 1106 3544 Torciam
1121 3468 1326 3565 opplevisse.
1345 3471 1417 3542 Neo
1433 3470 1599 3544 minorem
1616 3472 1679 3544 Dei

701 3613 838 3688 pmnam
856 3591 937 3665 inde
952 3613 1091 3688 quoque
1103 3592 1282 3686 colligeret
1301 3621 1308 3662 :
1329 3591 1423 3686 quod
1436 3613 1516 3663 cum
1529 3592 1601 3685 ipse
1618 3591 1681 3663 toti

703 3717 835 3790 liussiae
843 3739 976 3814 persua
987 3719 1142 3790 umero
1153 3716 1291 3812 aliaque
1305 3716 1470 3791 haeretica
1485 3725 1681 3788 commenta

703 3839 799 3912 virus
821 3841 1049 3935 propinasset,
1066 3861 1186 3913 omnes
1202 3840 1402 3935 excepisse3
1423 3861 1501 3911 cnm
1518 3859 1602 3911 vero
1621 3861 1681 3910 sa-

703 3963 813 4038 lutare
839 3963 998 4058 poculum
1022 3963 1057 4034 in
1081 3959 1281 4057 Apotopetico
1309 3963 1531 4058 porrexisset,
1558 3982 1680 4032 omnes

703 4083 881 4176 abjecisse.
912 4087 965 4158 Ex
988 4108 1057 4180 quo
1082 4085 1223 4173 deduci,
1248 4083 1333 4158 ittud
1353 4109 1427 4159 snae
1443 4107 1518 4158 esse
1536 4085 1679 4158 noxium

704 4209 872 4296 ecciesiae,
901 4210 966 4282 hoc
988 4208 1179 4305 proficuum
1198 4240 1204 4281 ε
1225 4234 1303 4284 cum
1328 4221 1447 4283 eontra
1471 4209 1554 4282 iilud
1577 4231 1679 4281 orcus

704 4351 767 4401 nce
783 4331 982 4421 mussitarit,
996 4331 1259 4428 ntreprobarct;
1276 4334 1310 4405 in
1327 4331 1416 4405 istud
1430 4352 1514 4403 vero
1527 4351 1678 4403 ossuum
