4100 6009
1123 934 1305 1000 -126-

716 1144 847 1222 uttimae
858 1143 1077 1240 quisquiliae,
1107 1144 1144 1214 in
1171 1141 1702 1238 Apologeeioumejns,1tbrum

716 1267 916 1361 quemdem,
932 1268 1039 1361 vulgo
1057 1263 1549 1351 Potioet,tattne1>erditimn
1566 1267 1702 1361 indigi-

716 1401 838 1480 tntom,
861 1389 1043 1464 ruthenioe
1062 1389 1309 1484 conscripsere.
1332 1387 1402 1461 Sed
1419 1412 1504 1462 oum
1523 1412 1565 1464 ee
1580 1389 1699 1462 Perdi-

718 1505 813 1594 tione,
834 1507 899 1604 ipsi
914 1509 1030 1601 magis
1038 1505 1179 1604 perditi,
1206 1507 1269 1582 vin
1281 1507 1468 1581 salutarem
1485 1507 1596 1580 luoem
1610 1529 1704 1580 oon-

719 1651 878 1724 spontem,
894 1653 938 1704 en
957 1652 1053 1708 omno
1066 1632 1181 1725 aliquo
1202 1651 1280 1706 eene
1300 1630 1337 1703 in
1353 1629 1481 1723 angulo
1497 1629 1695 1726 perdidem.

949 1909 1468 1966 —m-

798 2445 811 2478 i·
827 2445 866 2479 TU
891 2443 904 2478 V
916 2443 928 2477 Ι.
946 2441 1015 2478 ENSBS
1028 2442 1056 2476 Π
1067 2440 1163 2475 ΙῦῦδΙᾸΙ
1174 2437 1290 2474 mimi
1302 2439 1333 2473 tn
1345 2439 1448 2474 1111101111
1460 2438 1555 2474 mim
1577 2439 1606 2474 Β
1649 2441 1661 2473 Δ

1098 2745 1305 2759 ..Ι-*-

773 2980 879 3053 Porro
885 2975 1156 3069 dietdaugosti,
1173 2975 1348 3072 synodum
1362 2974 1594 3071 precedente,
1610 2997 1701 3049 anno

722 3099 931 3198 supradicto,
956 3097 1101 3187 Kioviae,
1126 3096 1275 3172 redditae
1297 3099 1432 3172 tuerent
1453 3100 1580 3174 litteren
1598 3100 1701 3173 Smo-

724 3227 851 3312 toisoio¹
867 3222 1058 3298 avilnensi
1070 3220 1243 3310 sodalitio,
1261 3224 1511 3318 monachisque
1523 3223 1589 3296 toci
1605 3223 1701 3314 ejus-

722 3345 815 3420 dem.
827 3344 960 3432 Quibus
970 3366 1063 3432 eum,
1079 3342 1126 3416 ab
1142 3343 1219 3416 aliis
1230 3343 1301 3417 dici
1315 3344 1606 3434 unitum,aheliis
1617 3345 1702 3417 novi

723 3469 810 3565 quid
833 3468 1045 3554 molientem,
1071 3476 1106 3538 et
1131 3465 1269 3540 tertiato
1289 3467 1445 3540 Russiem
1463 3466 1622 3542 scindere
1641 3468 1706 3540 in·-

725 3592 940 3680 tendentem,
961 3591 1170 3666 referebant.
1198 3591 1379 3686 Simulque·
1399 3591 1632 3689 postulabant,
1662 3601 1704 3666 ut

723 3737 802 3791 eom
824 3715 868 3789 de
888 3737 929 3788 se
952 3716 1119 3811 rescripto
1139 3735 1202 3787 sno
1217 3715 1418 3788 oblitereret
1431 3715 1640 3811 opinionem.
1660 3713 1705 3789 Iit

726 3837 993 3934 quimtnrbetis
1021 3847 1094 3912 tum
1121 3836 1238 3924 rebus,
1261 3859 1371 3933 peuce
1393 3839 1435 3910 iis
1455 3836 1704 3932 respondisset,

726 3959 910 4032 fusioribus
929 3958 1053 4033 eodem
1078 3979 1171 4030 enno
1189 3981 1293 4056 supra
1310 3960 1529 4033 millesimum
1549 3977 1706 4032 sexcen-

727 4081 887 4154 tesimum
902 4082 1073 4174 vigesimo
1094 4091 1230 4168 octavo,
1253 4082 1312 4155 die
1333 4080 1528 4155 decembris
1546 4083 1592 4152 42
1610 4082 1705 4152 Der-

726 4203 818 4276 meni
834 4203 982 4298 scriptis,
995 4215 1078 4299 typo
1085 4201 1306 4300 subsequenti
1323 4226 1426 4291 enno,
1442 4203 1521 4296 jolii
1535 4204 1595 4289 29,
1613 4201 1705 4275 Cra-

725 4329 833 4426 covim
849 4326 1089 4424 promulgetis,
1109 4327 1184 4402 illos
1206 4327 1400 4426 compellat.
1426 4330 1469 4402 Ut
1494 4341 1608 4402 eutem
1632 4349 1703 4400 non
