4100 6009
808 922 972 985 -27-

399 1152 520 1204 necem
535 1151 621 1202 vero
627 1128 803 1221 iosaphat,
816 1139 963 1223 urgente
971 1129 1101 1200 acriter
1111 1131 1141 1221 ej
1147 1154 1187 1202 us
1196 1131 1379 1224 sanguine,

398 1252 744 1347 monentesaepiusac
754 1252 879 1323 iterum
889 1252 1379 1347 Numine,quamdiu‚quam-

398 1377 474 1462 diu,
493 1376 530 1446 in
547 1374 736 1470 pervicaci,
760 1375 834 1469 ipse
857 1375 1083 1470 pervicacior',
1110 1374 1262 1449 haereret
1283 1376 1383 1448 schi-

400 1505 532 1573 smate?
547 1498 700 1571 Tandem
719 1509 800 1571 ante
817 1498 1043 1593 longinquam
1057 1498 1102 1570 ad
1113 1500 1380 1572 Salvatorismo-

400 1633 602 1695 numentum
620 1621 946 1716 peregrinationem,
958 1632 993 1691 et
1010 1620 1214 1715 priusquam
1230 1621 1276 1694 ad
1293 1645 1379 1717 gre-

398 1746 509 1816 mium
523 1744 642 1815 matris
656 1742 816 1815 rediisset
833 1742 1045 1828 ecclesiae,'a
1061 1743 1134 1813 Deo
1143 1744 1297 1836 graviter
1312 1766 1381 1817 cae-

398 1867 481 1938 litus
493 1868 707 1952 vulneratus,
727 1867 835 1937 altum
851 1865 896 1937 de
927 1866 1086 1960 promoto
1117 1865 1286 1939 hactenus
1308 1890 1381 1941 ase

397 1988 1380 2083 schismateingemuit:nequeampliusrediturumseVil-

397 2134 478 2184 nam
490 2113 622 2185 statuit.
642 2114 812 2204 Visusque
831 2121 884 2181 est
901 2110 1061 2181 Meletius
1086 2110 1254 2205 persimili
1276 2113 1378 2185 Saule

396 2245 538 2306 vocatus
565 2235 672 2306 luisse
700 2234 845 2304 ratione.
873 2232 1012 2303 Etenim
1038 2232 1125 2304 sicut
1141 2234 1278 2303 vSaulus
1303 2243 1380 2327 post

398 2380 504 2431 saxea
526 2357 705 2453 Stephani,
731 2357 779 2428 ita
792 2356 1202 2450 Meletiuspostlerrcaet
1220 2358 1382 2453 plumbea

397 2481 575 2575 Iosophati
591 2482 660 2551 iata
680 2481 795 2551 :siout
825 2479 949 2551 Saulus
977 2479 1114 2574 spirans
1145 2480 1316 2551 minarum
1346 2490 1381 2551 et

398 2604 506 2678 caedis
530 2605 565 2675 in
582 2605 771 2700 discipulos
801 2604 952 2691 Domini,
973 2604 1057 2675 dum
1087 2605 1380 2699 appropinquaret

397 2728 577 2814 Damasco,
606 2727 745 2821 excepit
783 2727 1022 2798 fulminantem
1059 2748 1186 2798 ¹trucem
1220 2727 1376 2807 Domini:

396 2850 503 2936 Saue,
518 2850 625 2935 Saule,
635 2850 721 2948 quid
735 2876 785 2921 me
797 2848 1026 2947 persequeris?
1042 2852 1092 2921 lla
1109 2852 1280 2933 Meleona,
1301 2874 1379 2923 cum

397 2994 470 3043 nox
481 2984 703 3068 peccatorum
722 2972 796 3062 ejus
816 2942 937 3043 contra
955 2972 1116 3043 unionem
1133 2972 1168 3041 in
1191 2994 1252 3043 suo
1277 2993 1381 3043 cursu

396 3094 498 3187 plane
517 3093 671 3164 medium
686 3094 753 3163 iter
772 3092 931 3176 haberet,
952 3093 1224 3186 omnipotentem
1241 3112 1379 3163 sermo-

398 3236 478 3285 nem
494 3216 569 3301 Dei‚
590 3215 636 3287 de
658 3219 745 3287 caelo
763 3238 784 3287 a
802 3215 977 3306 regalibus
993 3214 1148 3300 sedibus,
1167 3216 1294 3287 durum
1311 3214 1380 3286 de-

396 3338 612 3425 bellatorem,
622 3342 656 3411 in
666 3341 817 3412 mediam
832 3339 968 3410 rebellis
978 3339 1094 3412 cordis
1103 3338 1156 3410 sui
1164 3350 1292 3408 terram
1304 3358 1381 3431 pro-

397 3463 583 3535 silientem:
601 3462 722 3547 Melete,
740 3461 861 3545 uicisti,
879 3459 956 3559 quid
969 3487 1017 3532 mc
1033 3460 1257 3557 persequaris?
1276 3481 1381 3531 exau·
1411 3560 1414 3565 Ι

397 3584 499 3657 divit.
520 3586 759 3678 Continuoque
779 3586 939 3657 Meletius
957 3598 1077 3658 vetera
1102 3598 1137 3668 et
1159 3605 1250 3655 nova
1262 3604 1379 3654 secum

397 3709 487 3779 mala
509 3709 635 3780 anxius
664 3708 856 3803 reputabat.
877 3709 1049 3792 Quantum
1080 3707 1241 3779 videlicet
1273 3707 1380 3777 eccle-

397 3831 460 3903 siae
473 3841 509 3903 et
525 3832 610 3920 Deo,
628 3854 689 3903 ore
705 3842 740 3902 et
756 3833 888 3903 calamo
902 3832 1070 3922 injurius3
1090 3841 1258 3924 quantum
1276 3854 1382 3927 repe-

397 3951 703 4048 titisblasphemiae
713 3954 852 4047 scriptis
864 3953 1048 4024 animabus
1060 3952 1380 4045 damnosus‚quan-

398 4086 469 4148 tum
486 4077 626 4172 insuper
643 4078 804 4171 sanguini
819 4076 1007 4170 Iosophati,
1035 4075 1272 4169 indignissime
1295 4100 1382 4171 pro-

399 4198 485 4283 luso,
514 4200 687 4271 obnoxius
711 4200 833 4271 luerit!
866 4199 1015 4292 ideoque
1045 4199 1090 4271 ad
1120 4202 1227 4271 Deum
1254 4201 1379 4270 sontem

399 4320 518 4392 vivum
535 4322 702 4416 aspirare,
723 4322 873 4394 schisma
889 4321 1078 4394 uelandum
1097 4322 1269 4410 execrari,
1290 4323 1384 4393 uuio-
