4100 6009
836 911 998 975 ..17-

426 1123 508 1195 fidei
522 1121 675 1195 universi
690 1119 859 1215 pendere,
885 1119 930 1192 de
943 1121 1002 1192 illo
1015 1120 1065 1192 uti
1079 1120 1124 1193 de
1138 1122 1231 1193 lonte
1257 1123 1405 1217 quodam

426 1247 619 1320 doctrinam
634 1244 796 1330 haurire3
815 1242 891 1326 sed,
907 1245 988 1338 quia
1001 1244 1142 1331 inlecto,
1162 1244 1303 1316 minime
1312 1249 1407 1319 salu-

425 1381 548 1443 tarem.

473 1490 628 1585 lndeque
647 1492 859 1565 Minscenses
874 1499 1030 1585 pastores
1056 1490 1173 1562 unitos
1202 1489 1408 1581 deseruere,¹

424 1612 622 1685 sodalitium
649 1613 911 1699 orthodoxum,
952 1621 992 1685 ut
1035 1612 1156 1704 ajunt,
1188 1612 1404 1699 fundavere,

425 1756 620 1829 novamque
648 1736 831 1808 ecclesiam
852 1756 1011 1808 erexere.
1030 1736 1141 1822 Quam
1159 1736 1233 1830 ipse
1255 1745 1407 1829 postmo-

424 1858 509 1931 dum
524 1858 559 1929 in
572 1857 901 1954 archiepiscopuma
926 1858 1125 1953 patriarcha
1151 1855 1407 1951 Hierosolymi-

425 1992 506 2054 tano
522 1982 690 2067 initiatus,
708 1982 936 2055 consecravit.
955 1981 1084 2054 lnierat
1105 1990 1178 2052 tum
1191 1979 1408 2052 Smotriscius

426 2103 635 2199 singularem
671 2128 751 2178 cum
788 2072 1047 2202 archispiscopo
1085 2105 1218 2178 Russiae
1259 2103 1407 2199 losepho

426 2227 564 2301 llutscio
576 2229 747 2315 notitiam,
766 2237 801 2302 et
818 2228 939 2301 intima
958 2228 1033 2319 ejus
1049 2250 1133 2299 usus
1148 2239 1201 2298 est
1216 2235 1408 2298 consuetu-

427 2347 522 2422 dine.
542 2352 818 2423 Rutsciusetiam
834 2361 905 2423 tam
920 2350 1102 2424 commoda
1114 2372 1197 2422 usus
1212 2349 1405 2433 occasione,

427 2471 472 2544 de
489 2474 619 2545 unione
634 2496 712 2546 cum
734 2495 776 2546 eo
792 2474 962 2547 catholica
990 2476 1218 2570 perfrequens
1243 2471 1328 2564 egit,
1349 2471 1407 2566 qui

428 2598 501 2687 ejus
514 2599 685 2671 emolliret
701 2610 835 2695 pectus,
845 2599 1041 2673 devinciret
1053 2599 1205 2672 animum
1222 2608 1258 2671 et
1270 2596 1409 2671 dotibus

428 2728 562 2791 naturae
580 2721 732 2814 egregiis
758 2722 911 2817 insigniti
938 2723 1004 2794 viri
1029 2722 1221 2794 lucraretur
1246 2720 1403 2793 salutem.

428 2842 509 2931 Sed,
530 2847 746 2940 praevalente
766 2848 871 2920 altius
885 2846 958 2921 fixo
975 2848 1106 2943 pectori
1126 2846 1325 2932 schismate,
1348 2844 1408 2915 in-

428 2988 563 3040 cassum
577 2970 653 3061 ejus
671 2970 775 3043 cessit
788 2970 900 3045 labor.

657 3212 1183 3265 —QQNJ—

824 3510 949 3575 CAPUT
971 3510 1011 3575 ll.

529 3734 644 3771 lm'lttts
667 3735 799 3773 “mmm
821 3738 845 3772 ln
867 3736 993 3772 sellum
1016 3734 1174 3781 ΡΙΙΒΙΟὓΙΉΙΙ
1197 3734 1308 3770 uoluunt.

476 4112 589 4206 Atque
621 4120 658 4183 ut
688 4110 838 4206 amplius
861 4111 1082 4184 orthodoxiae
1115 4109 1293 4206 prodesset
1321 4136 1407 4200 suae,

428 4246 625 4331 senctaeque
640 4233 779 4308 obesset
794 4234 932 4323 unioni,
965 4254 1057 4308 anno
1072 4254 1178 4330 supra
1193 4236 1411 4310 millesimum

427 4359 716 4432 sexcentesimum
732 4356 1042 4455 decimoseptimo,
1061 4356 1184 4431 amicis
1192 4358 1412 4433 Solomerecii
