4100 6009
409 999 420 1038 ⁹
807 1019 989 1083 -111-

398 1239 521 1308 tuerat.
538 1234 791 1306 Eversaautem
805 1230 976 1303 dictarum
994 1229 1135 1303 consilia
1147 1249 1372 1324 personarum

398 1379 462 1429 nee
475 1367 626 1430 mentem
642 1355 733 1427 illius
745 1351 894 1426 subiere.
916 1349 1167 1444 subsequentia
1181 1373 1230 1424 ex
1241 1351 1375 1422 Protes-

399 1479 515 1549 totiooe
530 1479 661 1553 Meletii
678 1477 842 1573 decerpta
848 1484 941 1550 sunt.

447 1601 591 1688 Kioviae‚
607 1599 799 1694 teauguui
809 1599 920 1672 veteri
932 1599 1037 1694 stylo,
1048 1597 1095 1670 ad
1108 1597 1374 1691 Peezareusett)

399 1747 468 1798 non
500 1723 670 1798 admissus
696 1722 961 1806 monasterium,
994 1721 1029 1791 in
1064 1722 1172 1794 saneti
1199 1721 1376 1795 Michaelis

399 1847 563 1932 elaustro,
581 1843 676 1940 quod
692 1843 873 1917 Boreccius
889 1843 1098 1938 possidebat,
1113 1843 1301 1917 subsistere
1316 1843 1376 1917 de-

400 1968 488 2040 buit.
506 1969 595 2040 Eone
610 1967 671 2039 tibi
696 1964 843 2058 vestigia
863 1965 939 2056 ejus
955 1976 1164 2062 prementes,
1184 1965 1229 2038 de
1242 1966 1378 2061 synodo

286 2091 289 2098 '
404 2090 616 2177 Peeasrensi,
634 2099 780 2184 quatuor
796 2086 989 2184 presbyteri
1012 2111 1258 2186 supervenere.
1280 2091 1371 2176 Quo-

402 2241 479 2292 rum
496 2218 640 2312 primus,
662 2213 944 2310 protopresbyter
959 2215 1133 2287 Sincensis
1152 2213 1374 2310 Muzylovsiri,

402 2340 517 2433 aliqua
546 2340 581 2410 in
609 2359 689 2410 eum
706 2337 870 2432 praetatus
891 2349 943 2406 est
970 2357 1132 2408 sensum:
1159 2358 1317 2432 quaerere
1333 2358 1380 2409 ex

403 2465 478 2558 ipso
501 2461 686 2556 synodum,
706 2470 797 2532 esset
823 2479 866 2531 ne
883 2479 957 2532 suae
975 2468 1082 2531 tenax
1109 2455 1289 2558 Apoloqiu,
1313 2481 1379 2532 nec

405 2589 474 2657 net
492 2586 535 2657 Et
550 2595 628 2682 post
646 2585 753 2656 multa
778 2582 949 2654 retereute
978 2583 1190 2670 Smetriscio,
1209 2580 1380 2680 synodum

404 2729 442 2780 se
454 2727 684 2793 secessurum,
700 2718 735 2778 et
751 2715 959 2801 praeseutem
975 2701 1139 2800 Apoioqie
1155 2704 1305 2777 rationes
1318 2704 1380 2777 da-

405 2839 532 2901 turum.
552 2827 620 2902 Sed
651 2829 720 2914 iiie,
739 2850 809 2901 non
832 2829 926 2922 prius
954 2837 1172 2899 accessurum
1187 2849 1291 2922 quam
1307 2848 1383 2898 res-

405 2953 593 3049 pondisset.
612 2952 723 3024 Tuere
748 2973 785 3023 se
804 2952 898 3023 iiiam
912 2950 1105 3046 respoudit,
1122 2962 1160 3023 ut
1189 2951 1273 3023 nihil
1300 2947 1382 3023 fidei

406 3073 766 3150 sanctaecontrariam.
787 3072 947 3147 Subdidit
975 3074 1156 3167 quaesitor,
1179 3073 1384 3169 synoduma

406 3199 518 3293 eapite
547 3197 593 3269 ad
620 3197 749 3269 calcem
777 3217 919 3268 censere
944 3217 1022 3267 eam
1039 3196 1247 3269 contrariam
1263 3204 1298 3266 et
1314 3196 1385 3266 im-

407 3324 512 3419 piam.
533 3323 604 3394 Nee
618 3321 718 3417 plura
735 3319 922 3405 dicentem,
941 3317 1008 3390 alio
1022 3319 1241 3392 Smotriseius
1265 3338 1385 3391 mora-

409 3459 464 3520 tus
476 3467 648 3530 sermone,
669 3444 703 3514 in
720 3443 880 3516 omnibus
904 3441 1125 3536 dogmatibus
1137 3443 1226 3516 tueri
1238 3464 1277 3515 se
1291 3443 1386 3515 ilium

409 3568 536 3640 retulit.
557 3567 593 3638 Si
608 3587 690 3659 quae
702 3577 818 3639 autem
833 3563 1055 3657 fragilitatem
1067 3563 1244 3636 orientalis
1261 3573 1385 3656 tauge-

410 3701 487 3764 rent
499 3691 669 3777 ecelesiae,
688 3689 859 3762 medelam
884 3710 984 3785 posse
1003 3687 1175 3761 adbiberi.

458 3814 728 3909 vesperascente
744 3811 815 3899 die,
830 3812 996 3885 famulitio
1012 3810 1199 3883 Smetriseii
1226 3810 1387 3904 ingerere

411 3937 499 4008 varii
531 3937 654 4023 minas,
674 3935 840 4020 convicia,
871 3931 1058 4028 digitisque
1087 3945 1317 4007 monstrare:
1348 3958 1386 4004 en

407 4057 557 4154 perfidos,
576 4082 613 4128 eo
637 4045 751 4141 turritos,
768 4053 960 4143 mactandos,
994 4052 1227 4152 demergendos.
1259 4054 1390 4141 Quibus

412 4179 581 4273 gubernio
598 4179 788 4253 commissis
816 4200 990 4275 supremo,
1026 4177 1204 4274 postridie,
1233 4165 1313 4271 quae
1342 4174 1388 4247 tt

445 4461 481 4528 (1)
497 4463 547 4516 Seu
563 4461 709 4532 Cryptense.
733 4466 736 4474 ‘
