<?xml version="1.0" encoding="UTF-8"?>
<!DOCTYPE html PUBLIC "-//W3C//DTD XHTML 1.0 Transitional//EN"
    "http://www.w3.org/TR/xhtml1/DTD/xhtml1-transitional.dtd">
<html xmlns="http://www.w3.org/1999/xhtml" xml:lang="en" lang="en">
 <head>
  <title>
</title>
<meta http-equiv="Content-Type" content="text/html;charset=utf-8" />
  <meta name='ocr-system' content='tesseract 3.04.00' />
  <meta name='ocr-capabilities' content='ocr_page ocr_carea ocr_par ocr_line ocrx_word'/>
</head>
<body>
  <div class='ocr_page' id='page_1' title='image "./saulusetpaulusr00martgoog_0033.png"; bbox 0 0 4100 6009; ppageno 0'>
   <div class='ocr_carea' id='block_1_1' title="bbox 789 969 953 1035">
    <p class='ocr_par' dir='ltr' id='par_1_1' title="bbox 789 969 953 1035">
     <span class='ocr_line' id='line_1_1' title="bbox 789 969 953 1035; baseline 0.006 -17"><span class='ocrx_word' id='word_1_1' title='bbox 789 969 953 1035; x_wconf 66' lang='lat'>..25-</span> 
     </span>
    </p>
   </div>
   <div class='ocr_carea' id='block_1_2' title="bbox 379 1179 1367 3234">
    <p class='ocr_par' dir='ltr' id='par_1_2' title="bbox 379 1179 1361 1643">
     <span class='ocr_line' id='line_1_2' title="bbox 380 1179 1361 1274; baseline 0.005 -23"><span class='ocrx_word' id='word_1_2' title='bbox 380 1201 501 1252; x_wconf 92' lang='lat' dir='ltr'>verum</span> <span class='ocrx_word' id='word_1_3' title='bbox 528 1179 699 1274; x_wconf 77' lang='lat' dir='ltr'>persuasit</span> <span class='ocrx_word' id='word_1_4' title='bbox 724 1188 910 1273; x_wconf 85' lang='lat' dir='ltr'>pastorem,</span> <span class='ocrx_word' id='word_1_5' title='bbox 932 1181 1012 1253; x_wconf 90' lang='lat' dir='ltr'>ideo</span> <span class='ocrx_word' id='word_1_6' title='bbox 1036 1182 1096 1254; x_wconf 88' lang='lat' dir='ltr'>illa</span> <span class='ocrx_word' id='word_1_7' title='bbox 1119 1183 1164 1254; x_wconf 89' lang='lat' dir='ltr'>ad</span> <span class='ocrx_word' id='word_1_8' title='bbox 1197 1185 1361 1256; x_wconf 89' lang='lat' dir='ltr'>tumultus</span> 
     </span>
     <span class='ocr_line' id='line_1_3' title="bbox 380 1300 1360 1401; baseline 0.005 -27"><span class='ocrx_word' id='word_1_9' title='bbox 380 1301 520 1375; x_wconf 86' lang='lat' dir='ltr'>ciendos</span> <span class='ocrx_word' id='word_1_10' title='bbox 539 1323 708 1399; x_wconf 82' lang='lat' dir='ltr'>praeceps,</span> <span class='ocrx_word' id='word_1_11' title='bbox 731 1300 777 1373; x_wconf 91' lang='lat' dir='ltr'>ad</span> <span class='ocrx_word' id='word_1_12' title='bbox 789 1300 1022 1375; x_wconf 87' lang='lat' dir='ltr'>hauriendum</span> <span class='ocrx_word' id='word_1_13' title='bbox 1044 1305 1250 1399; x_wconf 80' lang='lat' dir='ltr'>sanguinem</span> <span class='ocrx_word' id='word_1_14' title='bbox 1267 1328 1360 1401; x_wconf 86' lang='lat' dir='ltr'>prae-</span> 
     </span>
     <span class='ocr_line' id='line_1_4' title="bbox 379 1424 1360 1521; baseline 0.001 -22"><span class='ocrx_word' id='word_1_15' title='bbox 379 1448 460 1512; x_wconf 86' lang='lat' dir='ltr'>ccx,</span> <span class='ocrx_word' id='word_1_16' title='bbox 479 1446 594 1520; x_wconf 88' lang='lat' dir='ltr'>neque</span> <span class='ocrx_word' id='word_1_17' title='bbox 613 1424 779 1519; x_wconf 89' lang='lat' dir='ltr'>imperata</span> <span class='ocrx_word' id='word_1_18' title='bbox 793 1424 905 1510; x_wconf 89' lang='lat' dir='ltr'>abeo,</span> <span class='ocrx_word' id='word_1_19' title='bbox 927 1446 1039 1519; x_wconf 88' lang='lat' dir='ltr'>neque</span> <span class='ocrx_word' id='word_1_20' title='bbox 1055 1427 1217 1521; x_wconf 83' lang='lat' dir='ltr'>cogitata,</span> <span class='ocrx_word' id='word_1_21' title='bbox 1236 1425 1360 1500; x_wconf 90' lang='lat' dir='ltr'>crude-</span> 
     </span>
     <span class='ocr_line' id='line_1_5' title="bbox 379 1547 1026 1643; baseline -0.002 -23"><span class='ocrx_word' id='word_1_22' title='bbox 379 1549 458 1636; x_wconf 87' lang='lat' dir='ltr'>lius,</span> <span class='ocrx_word' id='word_1_23' title='bbox 473 1570 578 1643; x_wconf 86' lang='lat' dir='ltr'>quam</span> <span class='ocrx_word' id='word_1_24' title='bbox 592 1548 865 1641; x_wconf 77' lang='lat' dir='ltr'>pertimesceret,</span> <span class='ocrx_word' id='word_1_25' title='bbox 881 1547 1026 1642; x_wconf 83' lang='lat' dir='ltr'>peregit.</span> 
     </span>
    </p>

    <p class='ocr_par' dir='ltr' id='par_1_3' title="bbox 379 1667 1367 3234">
     <span class='ocr_line' id='line_1_6' title="bbox 428 1667 1360 1765; baseline 0.002 -24"><span class='ocrx_word' id='word_1_26' title='bbox 428 1667 498 1741; x_wconf 89' lang='lat' dir='ltr'>Sed</span> <span class='ocrx_word' id='word_1_27' title='bbox 529 1691 600 1742; x_wconf 92' lang='lat' dir='ltr'>non</span> <span class='ocrx_word' id='word_1_28' title='bbox 622 1667 808 1741; x_wconf 84' lang='lat' dir='ltr'>fovendum</span> <span class='ocrx_word' id='word_1_29' title='bbox 838 1668 988 1742; x_wconf 88' lang='lat' dir='ltr'>dixisses</span> <span class='ocrx_word' id='word_1_30' title='bbox 1011 1669 1142 1765; x_wconf 85' lang='lat' dir='ltr'>ignem,</span> <span class='ocrx_word' id='word_1_31' title='bbox 1164 1678 1200 1741; x_wconf 93' lang='lat' dir='ltr'>ut</span> <span class='ocrx_word' id='word_1_32' title='bbox 1224 1679 1360 1745; x_wconf 89' lang='lat' dir='ltr'>tanturn</span> 
     </span>
     <span class='ocr_line' id='line_1_7' title="bbox 379 1790 1358 1865; baseline 0.001 -1"><span class='ocrx_word' id='word_1_33' title='bbox 379 1790 622 1864; x_wconf 80' lang='lat' dir='ltr'>effervesceret</span> <span class='ocrx_word' id='word_1_34' title='bbox 644 1790 863 1864; x_wconf 91' lang='lat' dir='ltr'>incendiuml</span> <span class='ocrx_word' id='word_1_35' title='bbox 885 1790 1176 1865; x_wconf 81' lang='lat' dir='ltr'>Animadversum</span> <span class='ocrx_word' id='word_1_36' title='bbox 1204 1812 1289 1865; x_wconf 86' lang='lat' dir='ltr'>sanc</span> <span class='ocrx_word' id='word_1_37' title='bbox 1322 1792 1358 1865; x_wconf 94' lang='lat' dir='ltr'>in</span> 
     </span>
     <span class='ocr_line' id='line_1_8' title="bbox 380 1914 1356 2009; baseline 0.002 -22"><span class='ocrx_word' id='word_1_38' title='bbox 380 1914 593 2001; x_wconf 87' lang='lat' dir='ltr'>Smotriscio,</span> <span class='ocrx_word' id='word_1_39' title='bbox 603 1933 645 1987; x_wconf 86' lang='lat' dir='ltr'>ac</span> <span class='ocrx_word' id='word_1_40' title='bbox 659 1914 694 1986; x_wconf 94' lang='lat' dir='ltr'>in</span> <span class='ocrx_word' id='word_1_41' title='bbox 703 1914 797 1987; x_wconf 92' lang='lat' dir='ltr'>omni</span> <span class='ocrx_word' id='word_1_42' title='bbox 805 1914 880 2007; x_wconf 86' lang='lat' dir='ltr'>ejus</span> <span class='ocrx_word' id='word_1_43' title='bbox 892 1936 956 2009; x_wconf 94' lang='lat' dir='ltr'>pro</span> <span class='ocrx_word' id='word_1_44' title='bbox 967 1935 1030 1987; x_wconf 91' lang='lat' dir='ltr'>sua</span> <span class='ocrx_word' id='word_1_45' title='bbox 1042 1914 1252 1989; x_wconf 81' lang='lat' dir='ltr'>orthodoxia</span> <span class='ocrx_word' id='word_1_46' title='bbox 1270 1917 1356 2003; x_wconf 89' lang='lat' dir='ltr'>zelo,</span> 
     </span>
     <span class='ocr_line' id='line_1_9' title="bbox 379 2033 1358 2133; baseline -0.002 -24"><span class='ocrx_word' id='word_1_47' title='bbox 379 2035 474 2133; x_wconf 92' lang='lat' dir='ltr'>quod</span> <span class='ocrx_word' id='word_1_48' title='bbox 485 2035 811 2109; x_wconf 72' lang='lat' dir='ltr'>aemulationemllei</span> <span class='ocrx_word' id='word_1_49' title='bbox 823 2035 998 2122; x_wconf 90' lang='lat' dir='ltr'>habuerit,</span> <span class='ocrx_word' id='word_1_50' title='bbox 1008 2035 1072 2109; x_wconf 89' lang='lat' dir='ltr'>sed</span> <span class='ocrx_word' id='word_1_51' title='bbox 1085 2057 1156 2108; x_wconf 94' lang='lat' dir='ltr'>non</span> <span class='ocrx_word' id='word_1_52' title='bbox 1168 2033 1358 2109; x_wconf 88' lang='lat' dir='ltr'>secundum</span> 
     </span>
     <span class='ocr_line' id='line_1_10' title="bbox 379 2157 1359 2252; baseline -0.005 -17"><span class='ocrx_word' id='word_1_53' title='bbox 379 2160 570 2235; x_wconf 87' lang='lat' dir='ltr'>scientium.</span> <span class='ocrx_word' id='word_1_54' title='bbox 599 2159 768 2252; x_wconf 80' lang='lat' dir='ltr'>Ignorans</span> <span class='ocrx_word' id='word_1_55' title='bbox 796 2158 891 2230; x_wconf 88' lang='lat' dir='ltr'>eninr</span> <span class='ocrx_word' id='word_1_56' title='bbox 911 2157 1080 2248; x_wconf 88' lang='lat' dir='ltr'>justitiam</span> <span class='ocrx_word' id='word_1_57' title='bbox 1107 2158 1183 2247; x_wconf 84' lang='lat' dir='ltr'>Ilei,</span> <span class='ocrx_word' id='word_1_58' title='bbox 1213 2169 1249 2231; x_wconf 87' lang='lat' dir='ltr'>ct</span> <span class='ocrx_word' id='word_1_59' title='bbox 1262 2180 1359 2231; x_wconf 86' lang='lat' dir='ltr'>suam</span> 
     </span>
     <span class='ocr_line' id='line_1_11' title="bbox 380 2278 1358 2380; baseline -0.006 -23"><span class='ocrx_word' id='word_1_60' title='bbox 380 2304 544 2380; x_wconf 81' lang='lat' dir='ltr'>qnaerens</span> <span class='ocrx_word' id='word_1_61' title='bbox 565 2286 731 2368; x_wconf 78' lang='lat' dir='ltr'>statuere,</span> <span class='ocrx_word' id='word_1_62' title='bbox 747 2282 898 2374; x_wconf 72' lang='lat' dir='ltr'>iustitiae·</span> <span class='ocrx_word' id='word_1_63' title='bbox 911 2282 973 2353; x_wconf 87' lang='lat' dir='ltr'>Dei</span> <span class='ocrx_word' id='word_1_64' title='bbox 996 2303 1065 2354; x_wconf 92' lang='lat' dir='ltr'>non</span> <span class='ocrx_word' id='word_1_65' title='bbox 1088 2281 1152 2353; x_wconf 84' lang='lat' dir='ltr'>fuit</span> <span class='ocrx_word' id='word_1_66' title='bbox 1170 2278 1358 2372; x_wconf 81' lang='lat' dir='ltr'>subjectus.</span> 
     </span>
     <span class='ocr_line' id='line_1_12' title="bbox 382 2399 1358 2500; baseline -0.006 -21"><span class='ocrx_word' id='word_1_67' title='bbox 382 2406 425 2479; x_wconf 82' lang='lat' dir='ltr'>llt</span> <span class='ocrx_word' id='word_1_68' title='bbox 447 2410 532 2500; x_wconf 74' lang='lat' dir='ltr'>quae</span> <span class='ocrx_word' id='word_1_69' title='bbox 545 2404 591 2477; x_wconf 90' lang='lat' dir='ltr'>dc</span> <span class='ocrx_word' id='word_1_70' title='bbox 614 2425 653 2477; x_wconf 91' lang='lat' dir='ltr'>se</span> <span class='ocrx_word' id='word_1_71' title='bbox 672 2404 813 2477; x_wconf 87' lang='lat' dir='ltr'>divinus</span> <span class='ocrx_word' id='word_1_72' title='bbox 831 2404 969 2490; x_wconf 87' lang='lat' dir='ltr'>Paulus,</span> <span class='ocrx_word' id='word_1_73' title='bbox 996 2403 1120 2476; x_wconf 87' lang='lat' dir='ltr'>eadem</span> <span class='ocrx_word' id='word_1_74' title='bbox 1143 2424 1206 2498; x_wconf 90' lang='lat' dir='ltr'>per</span> <span class='ocrx_word' id='word_1_75' title='bbox 1222 2399 1358 2487; x_wconf 88' lang='lat' dir='ltr'>cadem,</span> 
     </span>
     <span class='ocr_line' id='line_1_13' title="bbox 381 2523 1360 2623; baseline -0.004 -24"><span class='ocrx_word' id='word_1_76' title='bbox 381 2527 456 2599; x_wconf 93' lang='lat' dir='ltr'>orci</span> <span class='ocrx_word' id='word_1_77' title='bbox 476 2526 585 2621; x_wconf 88' lang='lat' dir='ltr'>ipsius</span> <span class='ocrx_word' id='word_1_78' title='bbox 604 2528 774 2623; x_wconf 85' lang='lat' dir='ltr'>primum,</span> <span class='ocrx_word' id='word_1_79' title='bbox 790 2527 920 2601; x_wconf 75' lang='lat' dir='ltr'>cande</span> <span class='ocrx_word' id='word_1_80' title='bbox 936 2527 1014 2615; x_wconf 83' lang='lat' dir='ltr'>caeli</span> <span class='ocrx_word' id='word_1_81' title='bbox 1028 2547 1172 2621; x_wconf 79' lang='lat' dir='ltr'>germen</span> <span class='ocrx_word' id='word_1_82' title='bbox 1192 2523 1360 2610; x_wconf 87' lang='lat' dir='ltr'>Melctius,</span> 
     </span>
     <span class='ocr_line' id='line_1_14' title="bbox 383 2646 1365 2746; baseline -0.007 -23"><span class='ocrx_word' id='word_1_83' title='bbox 383 2650 531 2723; x_wconf 82' lang='lat' dir='ltr'>canebat</span> <span class='ocrx_word' id='word_1_84' title='bbox 541 2671 587 2722; x_wconf 86' lang='lat' dir='ltr'>nu</span> <span class='ocrx_word' id='word_1_85' title='bbox 604 2652 803 2746; x_wconf 77' lang='lat' dir='ltr'>plangebat,</span> <span class='ocrx_word' id='word_1_86' title='bbox 819 2660 947 2724; x_wconf 79' lang='lat' dir='ltr'>ntruon</span> <span class='ocrx_word' id='word_1_87' title='bbox 961 2649 1150 2722; x_wconf 82' lang='lat' dir='ltr'>ridebitur.</span> <span class='ocrx_word' id='word_1_88' title='bbox 1167 2646 1365 2739; x_wconf 88' lang='lat' dir='ltr'>Dubiusque</span> 
     </span>
     <span class='ocr_line' id='line_1_15' title="bbox 383 2768 1362 2869; baseline -0.005 -24"><span class='ocrx_word' id='word_1_89' title='bbox 383 2771 488 2845; x_wconf 88' lang='lat' dir='ltr'>animi</span> <span class='ocrx_word' id='word_1_90' title='bbox 500 2770 634 2861; x_wconf 77' lang='lat' dir='ltr'>haereo,</span> <span class='ocrx_word' id='word_1_91' title='bbox 645 2774 763 2869; x_wconf 89' lang='lat' dir='ltr'>plures</span> <span class='ocrx_word' id='word_1_92' title='bbox 772 2794 817 2845; x_wconf 88' lang='lat' dir='ltr'>ne</span> <span class='ocrx_word' id='word_1_93' title='bbox 830 2772 1045 2866; x_wconf 76' lang='lat' dir='ltr'>caelolingua</span> <span class='ocrx_word' id='word_1_94' title='bbox 1053 2779 1088 2843; x_wconf 90' lang='lat' dir='ltr'>et</span> <span class='ocrx_word' id='word_1_95' title='bbox 1100 2768 1218 2864; x_wconf 79' lang='lat' dir='ltr'>gladio</span> <span class='ocrx_word' id='word_1_96' title='bbox 1228 2768 1362 2854; x_wconf 89' lang='lat' dir='ltr'>Saulus,</span> 
     </span>
     <span class='ocr_line' id='line_1_16' title="bbox 385 2892 1367 2989; baseline -0.005 -24"><span class='ocrx_word' id='word_1_97' title='bbox 385 2915 431 2966; x_wconf 89' lang='lat' dir='ltr'>an</span> <span class='ocrx_word' id='word_1_98' title='bbox 461 2914 547 2967; x_wconf 85' lang='lat' dir='ltr'>vero</span> <span class='ocrx_word' id='word_1_99' title='bbox 567 2895 687 2968; x_wconf 89' lang='lat' dir='ltr'>itidem</span> <span class='ocrx_word' id='word_1_100' title='bbox 710 2896 827 2989; x_wconf 81' lang='lat' dir='ltr'>lingua</span> <span class='ocrx_word' id='word_1_101' title='bbox 848 2903 884 2966; x_wconf 90' lang='lat' dir='ltr'>et</span> <span class='ocrx_word' id='word_1_102' title='bbox 905 2896 1040 2966; x_wconf 74' lang='lat' dir='ltr'>omnmo</span> <span class='ocrx_word' id='word_1_103' title='bbox 1059 2892 1231 2973; x_wconf 87' lang='lat' dir='ltr'>Melctius,</span> <span class='ocrx_word' id='word_1_104' title='bbox 1246 2910 1367 2963; x_wconf 89' lang='lat' dir='ltr'>sacra-</span> 
     </span>
     <span class='ocr_line' id='line_1_17' title="bbox 384 3016 1363 3112; baseline -0.002 -22"><span class='ocrx_word' id='word_1_105' title='bbox 384 3016 476 3090; x_wconf 81' lang='lat' dir='ltr'>verit</span> <span class='ocrx_word' id='word_1_106' title='bbox 498 3039 593 3091; x_wconf 90' lang='lat' dir='ltr'>orco.</span> <span class='ocrx_word' id='word_1_107' title='bbox 618 3020 783 3093; x_wconf 87' lang='lat' dir='ltr'>Ultimum</span> <span class='ocrx_word' id='word_1_108' title='bbox 806 3030 922 3091; x_wconf 90' lang='lat' dir='ltr'>tamen</span> <span class='ocrx_word' id='word_1_109' title='bbox 947 3017 1124 3090; x_wconf 83' lang='lat' dir='ltr'>censuisse</span> <span class='ocrx_word' id='word_1_110' title='bbox 1148 3016 1363 3112; x_wconf 80' lang='lat' dir='ltr'>praestiterit,</span> 
     </span>
     <span class='ocr_line' id='line_1_18' title="bbox 386 3138 1032 3234; baseline 0 -23"><span class='ocrx_word' id='word_1_111' title='bbox 386 3138 528 3212; x_wconf 87' lang='lat' dir='ltr'>minime</span> <span class='ocrx_word' id='word_1_112' title='bbox 544 3140 707 3234; x_wconf 87' lang='lat' dir='ltr'>injuriosa</span> <span class='ocrx_word' id='word_1_113' title='bbox 720 3141 859 3214; x_wconf 85' lang='lat' dir='ltr'>lleletio</span> <span class='ocrx_word' id='word_1_114' title='bbox 871 3141 1032 3214; x_wconf 78' lang='lat' dir='ltr'>ueritate.</span> 
     </span>
    </p>
   </div>
   <div class='ocr_carea' id='block_1_3' title="bbox 0 0 2065 6004">
    <p class='ocr_par' dir='ltr' id='par_1_4' title="bbox 0 0 2065 6004">
     <span class='ocr_line' id='line_1_19' title="bbox 0 0 2065 6004; baseline 0 0"><span class='ocrx_word' id='word_1_115' title='bbox 0 0 2065 6004; x_wconf 95' lang='lat' dir='ltr'> </span> 
     </span>
    </p>
   </div>
  </div>
 </body>
</html>
