4100 6009
1139 989 1299 1057 ..74-

729 1202 930 1273 malicorum
953 1199 987 1269 in
1018 1200 1253 1293 septentrione
1280 1199 1378 1270 laeile
1405 1198 1577 1293 princeps.
1608 1198 1712 1289 Cujus

728 1345 794 1416 ego
813 1321 962 1393 reditum
978 1322 1042 1393 soli
1058 1322 1129 1393 Deo
1147 1320 1298 1413 glorioso
1316 1330 1351 1390 et
1372 1320 1532 1411 sanguini
1549 1322 1712 1416 martyris
1792 1368 1795 1375 ι

727 1444 888 1539 Josaphnt
904 1443 1077 1516 adscribo.
1097 1442 1282 1515 Enimvero
1298 1442 1391 1535 quod
1407 1442 1533 1513 Paulus
1551 1442 1614 1513 luit
1631 1444 1712 1512 Ste-

729 1564 855 1659 phano,
874 1563 910 1635 id
926 1564 1143 1636 Smotrisoius
1157 1562 1380 1634 Knncevicio.
1401 1561 1591 1647 —Quidni
1608 1583 1708 1655 ergo,

727 1689 815 1760 sicut
829 1688 1094 1761 conversionem
1109 1686 1203 1759 Pauli
1223 1685 1453 1757 adscribimus
1468 1686 1616 1758 orationi
1629 1686 1712 1756 Ste-

728 1806 846 1909 phani,
881 1809 927 1879 ita
964 1809 1227 1881 conversionem
1272 1807 1461 1879 Smetriscii
1495 1806 1711 1879 Kuncevieiu

727 1933 942 2005 tribuamus?
955 1934 1211 2006 Conclamatum
1224 1932 1352 2027 quippe
1364 1941 1429 2017 est,
1444 1928 1709 2005 Reverendissi-

728 2082 823 2131 mum
833 2058 1007 2139 Meletium
1019 2056 1255 2129 schismaticos
1267 2054 1469 2149 parricidas,
1487 2065 1560 2129 tum
1575 2053 1712 2147 scriptis

730 2189 803 2253 tum
818 2181 930 2268 dictis,
947 2191 1067 2252 contra
1083 2191 1253 2274 pastorem
1267 2200 1367 2250 suum
1386 2178 1586 2251 concitasse.
1602 2177 1714 2248 Obse-

730 2325 790 2377 cro
818 2305 934 2399 itaque
958 2303 1150 2376 humillime
1186 2299 1441 2375 Beatitudinem
1471 2301 1641 2385 Vestram,
1676 2310 1715 2372 ut

728 2425 890 2497 eumdem
907 2427 997 2497 iuter
1024 2446 1105 2497 suos
1128 2424 1306 2497 Ruthenos
1325 2422 1399 2512 jam
1411 2420 1536 2493 abhinc
1560 2422 1715 2517 recipere

730 2547 911 2641 dignetur;
943 2570 1086 2643 sperans
1110 2568 1191 2619 eum
1221 2548 1258 2618 iu
1276 2567 1360 2639 agro
1390 2544 1567 2616 Dominioo
1592 2564 1637 2615 ex
1654 2542 1715 2615 illo

731 2671 892 2758 fructum,
911 2692 1015 2764 quem
1031 2671 1140 2741 avire
1162 2669 1351 2765 poenitente
1378 2675 1566 2762 expectare
1582 2676 1710 2762 posset.

730 2792 873 2863 luterim
887 2793 1061 2867 occultum
1082 2814 1158 2864 esse
1179 2792 1231 2862 illi
1257 2792 1391 2863 unitum
1417 2788 1532 2883 aliquo
1559 2799 1714 2883 tempore

730 2926 975 3008 persuaserunt
991 2915 1155 3001 rationes,
1176 2913 1221 2985 ab
1238 2914 1297 2985 illo
1312 2912 1357 2985 ad
1374 2924 1530 2984 sanctum
1556 2912 1714 2985 Officium

730 3038 857 3111 missae.
874 3039 947 3132 Ego
960 3058 1046 3109 vero
1061 3036 1238 3109 altissimae
1250 3034 1627 3108 Bealitudinis'llestrae
1641 3044 1713 3106 tru-

730 3159 814 3255 tinae
846 3159 1005 3250 subjicio,
1036 3181 1081 3230 an
1110 3159 1175 3230 hoc
1199 3158 1248 3229 illi
1275 3167 1310 3231 ot
1336 3158 1452 3229 unioni
1486 3155 1662 3250 expediat,
1678 3168 1714 3229 et

729 3284 906 3380 quamdiu.
927 3285 1096 3378 Itemque,
1119 3293 1308 3355 cumcerto
1339 3281 1444 3353 sciam
1473 3281 1569 3353 illum
1586 3299 1713 3353 conse-

730 3420 863 3482 cratum
894 3410 999 3480 luisse
1023 3408 1058 3478 iu
1082 3408 1266 3479 schismate
1296 3406 1507 3501 episcopum,
1532 3406 1712 3478 consilium

731 3531 922 3603 humillime
935 3541 1039 3626 peto:
1063 3553 1105 3602 an
1139 3530 1189 3600 illi
1205 3529 1296 3624 apud
1320 3529 1578 3601 serenissimum
1601 3530 1713 3623 aliqua

730 3653 897 3726 cathedra
915 3654 1155 3748 procuranda;
1180 3674 1223 3723 an
1238 3653 1383 3744 alicujus
1401 3650 1576 3722 cathedrae
1591 3651 1713 3723 suffra-

730 3797 861 3867 ganeus
875 3776 1152 3861 constituendus3
1181 3798 1225 3847 an
1251 3776 1350 3846 titulo
1370 3775 1486 3868 aliquo
1505 3774 1538 3843 in
1559 3772 1714 3868 partibus

731 3893 920 3967 infidelium
944 3898 1137 3971 donandus.
1155 3898 1192 3967 ln
1208 3896 1368 3968 omnibus
1382 3893 1606 3968 beatitudiuis
1620 3895 1712 3965 Ves-

732 4028 796 4089 trae
821 4021 1025 4111 praestolans
1051 4022 1306 4105 resolutionem,
1339 4042 1400 4091 oru
1428 4020 1550 4102 Deum,
1571 4029 1607 4090 ut
1633 4041 1712 4090 eam

730 4142 969 4217 ecclesiaesuae
985 4156 1115 4217 sauctae
1127 4166 1230 4239 quam
1247 4144 1439 4216 diutissime
1448 4155 1564 4216 servet
1582 4143 1712 4215 incolu-

731 4284 835 4333 mem.
852 4265 1086 4363 Ejusdemque
1099 4268 1376 4340 benedictionem
1391 4288 1453 4362 pro
1473 4287 1528 4337 me
1542 4276 1576 4336 el
1590 4265 1714 4339 ovibus

730 4384 815 4454 meis
828 4384 1017 4461 humillime
1032 4389 1341 4485 deposcollubnoe,
1364 4392 1408 4459 lo
1422 4388 1498 4478 julii
1514 4388 1620 4459 roal.
1641 4417 1659 4451 u
