4100 6009
1091 937 1276 1002 -158-

699 1147 827 1216 bunum
846 1147 892 1217 ita
906 1145 1026 1230 traxit,
1050 1155 1088 1216 nt
1107 1167 1247 1218 manum
1263 1148 1543 1235 eloculo‚immo
1559 1171 1687 1245 corpus

700 1289 779 1340 cum
788 1269 898 1340 loculo
909 1269 1467 1362 protraxerit,nonemanuBreve
1475 1275 1682 1345 extraxerit.

751 1391 884 1462 Interea
897 1391 1054 1464 Rulscins
1071 1393 1367 1486 metropolitanus,
1384 1415 1454 1487 qua
1466 1395 1597 1466 Meletii
1612 1418 1686 1468 mo·

703 1513 857 1598 ribundi,
891 1536 959 1608 qua
991 1515 1234 1608 religiosorum
1262 1516 1545 1590 llermauensium
1562 1519 1687 1592 litteris

702 1635 849 1723 excitus,
870 1659 890 1708 e
907 1637 1039 1732 praedio
1055 1638 1227 1732 gentilitio
1242 1640 1343 1724 lluta,
1359 1640 1395 1710 in
1413 1640 1605 1713 Lithuaniae
1615 1643 1686 1714 oris

702 1760 929 1846 consistente,
966 1761 1000 1832 in
1030 1760 1238 1856 Volhyniam
1271 1763 1438 1834 excurrit.
1475 1764 1516 1834 Et
1542 1764 1684 1857 quidem

655 1884 658 1888 ’
703 1881 806 1952 unius
821 1881 1053 1954 hebdomadae
1078 1903 1194 1968 cursu,
1215 1882 1339 1953 iti-nere
1355 1881 1509 1971 hiemali,
1529 1881 1576 1957 lt
1604 1886 1686 1958 leu-

702 2024 762 2074 cas
793 2005 951 2077 coniecit.
983 2005 1027 2076 Et
1052 2004 1161 2076 Olicae
1191 2004 1286 2099 apud
1309 2004 1435 2076 ducem
1464 2005 1689 2080 Adalbertum

702 2128 909 2200 stanislaum
927 2128 1188 2214 Radzivillium,
1209 2127 1404 2201 Lithuaniae
1424 2130 1682 2216 cancellarium,

705 2267 769 2319 sex
783 2270 805 2320 a
819 2249 1002 2322 Dermanio
1019 2250 1137 2336 leucis,
1159 2249 1216 2321 die
1238 2253 1260 2324 2
1283 2251 1434 2342 januarii
1453 2272 1544 2322 anno
1570 2251 1679 2324 teat.

705 2371 867 2442 constitit.
890 2371 955 2446 Ubi
966 2374 1038 2465 Jam
1055 2394 1125 2445 non
1141 2373 1186 2445 de
1202 2383 1314 2445 morte
1330 2375 1443 2446 solum
1459 2373 1601 2460 Meletii,
1623 2373 1686 2445 sed

704 2491 808 2564 etiam
833 2493 878 2566 de
899 2496 1073 2568 miraculis
1099 2495 1268 2567 inclaruit.
1298 2496 1392 2567 Olica
1416 2517 1577 2590 egressus
1600 2497 1688 2568 llut-

707 2616 799 2690 seius
815 2619 938 2692 eadem
953 2620 1024 2706 die,
1040 2620 1160 2692 nuntio
1176 2618 1222 2692 de
1242 2617 1393 2690 adventu
1412 2641 1477 2691 suo
1493 2620 1686 2713 premisso,

708 2736 753 2810 ad
764 2741 939 2833 quoddam
949 2742 1148 2814 monasterii
1162 2739 1332 2836 praedium
1347 2750 1610 2836 pernoctaturus
1625 2739 1688 2812 de·

709 2865 818 2936 venit.
837 2865 880 2938 Et
907 2869 1052 2940 comiter
1078 2868 1180 2940 aloci
1197 2867 1362 2962 praelecto
1385 2876 1559 2962 acceptus,
1581 2865 1685 2937 alium

706 2984 802 3058 ocius
818 2989 1040 3062 Dermanium
1059 2989 1251 3086 expedivit,
1277 2989 1425 3061 crastina
1442 3011 1480 3060 se
1504 2989 1581 3060 luce
1597 2987 1688 3060 allu-
1802 3089 1805 3093 ¹

709 3119 824 3182 turum
841 3111 1059 3186 denuntians.
1081 3115 1118 3185 ln
1132 3135 1251 3208 quam,
1276 3113 1386 3184 veteri
1408 3114 1512 3207 stylo,
1531 3109 1687 3206 pervigi-

708 3229 794 3304 lium
810 3235 939 3308 Natalis
955 3237 1092 3308 Domini
1112 3235 1301 3307 incidebat.
1316 3235 1473 3307 Vicarius
1488 3230 1688 3306 monasterii

710 3357 883 3447 praelectis
904 3359 1038 3432 militiae
1062 3359 1262 3433 collatorum
1280 3357 1415 3430 detulit.
1442 3358 1626 3428 Facessere
1640 3354 1690 3425 illi

708 3482 882 3574 negotium
900 3482 1022 3576 primo,
1049 3494 1143 3554 metu
1166 3482 1481 3565 schismaticorum
1496 3478 1560 3551 scd
1572 3485 1690 3573 postea

710 3616 881 3694 pastorem
899 3607 978 3692 loci,
994 3628 1063 3677 non
1090 3607 1221 3676 hostem
1247 3614 1444 3698 pensantes,
1464 3601 1616 3697 pacifice,
1634 3622 1687 3671 re-

710 3739 883 3814 verenter,
902 3739 1090 3823 gratanter,
1109 3751 1187 3800 cum
1210 3726 1364 3819 equitatu
1385 3724 1609 3820 peditatuque
1626 3743 1690 3794 suo

710 3849 759 3920 illi
784 3872 980 3924 occurrere.
1000 3855 1042 3924 El
1072 3850 1237 3946 praestitis
1256 3858 1353 3920 tanto
1377 3849 1453 3920 viro
1478 3844 1692 3919 salutationis

710 3973 843 4059 officiis
875 3973 1031 4047 modesto
1057 3995 1138 4045 eum
1166 3972 1302 4066 plausu,
1322 3972 1411 4043 intra
1441 3967 1692 4042 monasterium

713 4098 895 4170 induxere.
1294 4189 1296 4192 Α

759 4219 902 4293 Visitato
919 4222 1059 4316 templo,
1079 4241 1204 4314 corpus
1233 4218 1295 4288 viri
1314 4219 1373 4289 Dei
1394 4213 1688 4311 archiepiscopale

711 4345 867 4417 llutscius
897 4345 1176 4440 metropolitanus
1204 4342 1299 4415 adiit.
1321 4344 1408 4414 llum
1431 4363 1513 4413 voro
1537 4337 1689 4430 religiosi
