4100 6009
1120 923 1303 986 -lld-

710 1130 802 1200 nimo
819 1139 926 1202 totum
946 1130 1019 1220 ejus
1041 1130 1135 1201 vilae‘
1150 1131 1357 1202 curriculum
1374 1153 1536 1225 magnum
1563 1146 1597 1205 et
1621 1158 1698 1208 som

709 1254 823 1326 lemne
853 1254 915 1325 luit
935 1254 1104 1345 iejunium
1126 1283 1133 1324 :
1153 1275 1230 1326 oum
1248 1264 1283 1324 et
1308 1255 1406 1325 cibus
1431 1255 1505 1345 ejus
1529 1259 1683 1331 noncihi

709 1397 847 1461 nomen,
876 1375 937 1448 sed
958 1375 1082 1468 jejunii
1104 1377 1343 1472 promeruerit.
1369 1377 1529 1449 Carnium
1556 1381 1683 1475 quippe

708 1519 769 1568 esu
783 1498 921 1592 penitus
933 1498 1098 1570 abstinuit
1119 1509 1154 1569 et
1171 1498 1243 1570 sola
1257 1498 1426 1591 simplicia
1453 1509 1534 1573 tota:
1550 1503 1595 1572 in.
1616 1504 1688 1575 vita

708 1619 803 1691 olera
819 1620 1005 1714 exiguique
1021 1621 1130 1716 pisces
1147 1621 1298 1693 maximo
1310 1620 1362 1692 illi
1373 1622 1516 1694 obsonio
1531 1625 1639 1694 luere.
1657 1624 1691 1694 d·

709 1763 868 1834 regressu
888 1743 932 1815 ad
949 1755 1100 1816 sanctam
1118 1745 1312 1831 ecelesiam,
1332 1743 1376 1816 ad
1397 1747 1688 1818 extremam-uita

709 1864 963 1956 aegritudinem,
981 1867 1064 1938 vino
1085 1868 1146 1938 vix
1164 1889 1314 1960 unquam
1331 1891 1423 1940 usus
1442 1869 1486 1939 Et
1503 1889 1688 1962 persuasus

709 2012 728 2063 a
748 1990 928 2077 Kortiscio‚
953 2001 990 2063 ut
1013 1992 1048 2061 in
1071 2001 1228 2063 extrema
1257 1992 1513 2079 invaletudine,
1534 2015 1638 2066 mane
1653 2007 1689 2067 et

708 2115 858 2211 vesperi,
890 2114 1068 2209 quidpiam
1096 2114 1199 2200 illius,
1227 2115 1326 2208 qnasi
1352 2114 1525 2187 medendo
1551 2119 1688 2212 corpori

710 2237 879 2309 fatiscenti
894 2247 1059 2324 sumeret,
1073 2236 1346 2331 obtemperando
1362 2238 1468 2309 satius
1483 2239 1685 2325 confessori,
1755 2311 1761 2326 ,

708 2384 811 2456 quam
830 2361 1023 2434 serviendo·
1040 2360 1241 2446 valetudini,
1272 2360 1453 2453 aliquoties
1479 2363 1625 2456 sumpsit
1652 2372 1689 2434 et

709 2483 881 2555 recusavit
903 2511 910 2553 ε
929 2482 1021 2576 quod
1040 2482 1149 2572 majus
1164 2482 1244 2554 inde
1260 2482 1364 2553 animi
1378 2504 1567 2575 gravamen
1580 2484 1687 2555 senti-

710 2619 762 2676 ret
775 2603 988 2699 poenitentis,
998 2625 1103 2699 quam
1118 2604 1236 2676 afflicti
1247 2605 1420 2698 impendio
1428 2606 1582 2698 corporis
1593 2605 1689 2676 leva-

708 2747 801 2797 men.
828 2726 1011 2812 Caeterum,
1029 2727 1303 2820 totoseptimano
1327 2748 1491 2797 annorum
1513 2726 1688 2820 poeniten-

709 2851 793 2922 tium
815 2851 974 2922 Dermani
992 2851 1120 2935 studio,
1139 2849 1235 2920 nullo
1260 2850 1327 2920 alio
1342 2848 1464 2943 patriae
1483 2871 1566 2920 usus
1589 2860 1684 2943 potu,

709 2974 774 3045 nisi
799 2973 957 3044 cervisiae
982 3001 988 3042 ι
1009 2982 1045 3043 et
1070 2970 1210 3065 quidem
1243 2972 1389 3064 singulis
1420 2971 1557 3056 diebus,
1585 2972 1689 3046 tertia

709 3071 839 3168 tanturn
855 3103 952 3189 parte
967 3095 1059 3180 ollae,
1076 3114 1156 3186 quae
1173 3115 1315 3188 puerum
1333 3117 1400 3167 non
1417 3092 1585 3165 reliceret.

754 3216 967 3311 Quandoque
984 3228 1100 3288 antem
1119 3217 1198 3287 totis
1220 3216 1380 3310 jejunans
1412 3213 1547 3299 diebus,
1583 3214 1687 3286 etiarn

708 3343 763 3415 isti
797 3341 993 3413 remittebat
1024 3340 1198 3434 portioni;
1228 3340 1402 3434 praecipue
1426 3360 1524 3410 sacro
1551 3360 1688 3433 magnae

708 3463 982 3560 quadragesimae
1000 3474 1167 3556 tempore.
1193 3461 1237 3530 At
1262 3482 1346 3531 vero
1366 3460 1441 3551 ejus
1466 3459 1577 3545 initio,
1607 3481 1690 3532 cum

708 3586 892 3672 dominica,
913 3605 1008 3656 more
1022 3584 1145 3670 veteri,
1166 3583 1237 3654 suis
1253 3582 1477 3655 valedixisset
1492 3582 1684 3668 lacticiniis,

709 3711 793 3782 nibil
806 3709 873 3782 cibi
892 3719 1060 3804 potusque
1072 3707 1297 3802 sequentibus
1317 3707 1427 3794 lunas,
1442 3708 1573 3792 martis,
1591 3727 1688 3777 mer-

708 3833 863 3925 curiique
891 3831 1016 3904 diebus
1044 3832 1214 3915 sumebat,
1246 3830 1313 3902 nisi
1332 3829 1426 3920 iovis
1452 3829 1521 3901 die.
1550 3831 1686 3901 Etcum

708 3954 901 4025 Palmarum
915 3952 992 4023 luce
1006 3952 1236 4047 importunam
1250 3952 1425 4022 reiecisset
1438 3973 1481 4022 an
1493 3951 1688 4031 exacuisset

708 4077 868 4162 esuriem,
880 4073 954 4146 aliis
963 4074 1080 4167 Jejune
1094 4074 1275 4160 traductis,
1293 4075 1326 4144 io
1341 4073 1448 4147 Coena
1462 4073 1597 4144 Domini
1614 4085 1688 4144 tan-

708 4199 786 4270 dem
807 4195 940 4269 modice
952 4198 1223 4269 refocillabatur:
1241 4199 1435 4290 iterumque
1451 4217 1540 4281 eam,
1560 4213 1688 4265 conse—

708 4331 837 4414 quente
849 4319 1021 4391 Passionis
1039 4323 1145 4408 luctu,
1159 4321 1203 4392 ad
1213 4322 1329 4393 laetum
1344 4316 1531 4391 exercebat
1542 4313 1682 4387 Pascha.
