4100 6009
1060 900 1223 964 „18-

646 1112 772 1185 nobilis
796 1110 914 1182 exutis
940 1109 1133 1205 obsequiis,
1159 1111 1297 1181 Vilnam
1323 1112 1476 1206 appellit,
1512 1110 1633 1183 habitu

646 1233 836 1306 monastico
848 1231 1005 1305 induitur
1021 1243 1057 1306 et
1072 1254 1092 1305 e
1107 1233 1259 1307 Maximo
1270 1234 1504 1322 inltleletinm,
1522 1237 1633 1307 nomi-

648 1369 794 1431 netenus
814 1358 1027 1451 religiosum,
1045 1378 1165 1450 reapse
1187 1358 1375 1429 maximum
1396 1358 1532 1431 unionis
1548 1380 1633 1453 per-

647 1493 840 1555 secutorem
862 1482 1136 1553 translormatur.
1156 1481 1219 1556 llic
1237 1481 1392 1573 graviter
1410 1480 1634 1553 lamentabile

648 1605 846 1688 Lomentum,
860 1603 955 1697 quod
971 1601 1104 1674 dudum
1115 1610 1334 1695 conceperat,
1353 1602 1450 1697 quasi
1465 1604 1635 1698 elephan-

648 1728 760 1798 tinum
777 1736 925 1821 partum,
944 1725 1152 1821 procreavit.
1169 1725 1207 1796 ln
1230 1746 1300 1818 quo
1313 1734 1382 1796 tarn
1406 1725 1532 1797 acriter
1549 1748 1633 1797 sau-

649 1865 739 1926 ntam
769 1852 937 1948 principis
974 1851 1208 1946 apostolurum
1239 1850 1396 1922 adoritur
1426 1849 1566 1936 sedern,
1599 1859 1637 1920 ut

649 1978 765 2051 aurius
779 1976 1022 2048 hereticorum
1040 1995 1153 2046 nemo.
1175 1974 1266 2059 Quot
1283 1974 1332 2045 ibi
1346 1973 1468 2060 verba,
1488 1983 1635 2069 toturn-

649 2098 741 2170 dnlia
767 2098 933 2183 vulnera3
953 2108 1038 2190 quot
1058 2118 1190 2181 sensus,
1215 2105 1264 2166 tut
1281 2094 1420 2166 lethalia
1439 2097 1571 2169 toxica.
1593 2096 1638 2167 Et

649 2192 729 2315 quia
746 2223 871 2315 insigni
888 2222 1039 2294 Poloniae
1055 2222 1173 2315 lingua
1187 2222 1294 2306 culta,
1309 2222 1407 2313 quasi
1423 2220 1516 2293 dulci
1532 2221 1634 2317 phar-

652 2367 752 2418 maco
764 2345 916 2431 condita,
935 2366 977 2415 en
1000 2344 1111 2437 magis
1128 2344 1244 2415 unxia.
1261 2342 1430 2437 Adeoque
1450 2367 1520 2418 non
1546 2342 1635 2417 schi-

652 2469 786 2540 smatini
803 2468 906 2540 modo
929 2466 1020 2540 istud
1038 2465 1237 2549 Laurentum,
1257 2466 1319 2538 sed
1337 2468 1442 2539 etiam
1460 2468 1632 2553 haeretici,

652 2591 744 2663 taeris
755 2592 914 2662 terebant
922 2590 1211 2683 manibus,plen0
1221 2590 1634 2676 fovebantsinu‚demum

652 2714 758 2787 eorde
774 2736 835 2786 suo
848 2713 988 2807 penitus
1005 2711 1216 2806 defigebant.
1238 2714 1348 2783 Fuere
1361 2712 1421 2806 qui
1440 2714 1632 2809 illudqnnsi

654 2835 767 2931 pretio
799 2835 912 2922 dives,
944 2847 1018 2908 arte
1048 2835 1224 2930 praesigne
1256 2832 1444 2919 cimelium,
1474 2856 1635 2931 suprema

653 2959 833 3031 voluntate
850 2959 885 3029 in
903 2982 982 3031 suus
1004 2957 1235 3030 derivandum
1269 2968 1438 3052 posteros,
1474 2969 1634 3031 testatum

656 3080 871 3173 reliquerint.
889 3081 917 3151 Ε
932 3080 1028 3151 clero
1045 3092 1160 3151 autem
1172 3079 1395 3151 schismatico
1414 3102 1484 3153 non
1501 3094 1638 3177 postre-

656 3201 704 3271 mi
731 3202 935 3272 aucturitate
960 3201 1059 3286 illud,
1078 3200 1265 3296 descriptae
1281 3202 1379 3295 quasi
1408 3204 1443 3272 in
1465 3223 1508 3273 eo
1524 3211 1638 3273 essent

656 3328 822 3399 veritates
838 3325 981 3411 divinae,
997 3326 1227 3398 monumentis
1235 3326 1470 3419 chrysostomi
1487 3326 1638 3420 aequipa·

658 3447 1168 3541 randum,sanguinemqueprn
1181 3446 1634 3531 eulandendumneneuere.

656 3573 728 3643 Nec
745 3570 929 3663 inglorium
952 3570 1158 3642 aestimatum
1188 3568 1323 3640 cuidam
1337 3591 1499 3664 personae
1518 3570 1638 3641 haere-

657 3694 750 3779 ticae,
765 3716 843 3766 cum
857 3692 981 3765 eudem
1010 3694 1045 3764 in
1075 3692 1281 3764 aeviternum
1310 3691 1524 3765 lamentabili
1535 3692 1638 3764 modu

656 3815 808 3911 sepeliri.

707 3937 783 4008 Non
812 3959 855 4009 eo
888 3948 1002 4010 tamen
1032 3937 1177 4023 inficias,
1208 3959 1287 4008 eum
1317 3938 1382 4010 hon
1409 3938 1444 4010 in
1475 3940 1638 4023 claustro,

658 4060 777 4144 multis
805 4059 984 4134 insudasse
1009 4060 1164 4157 corporis
1188 4060 1431 4151 afflictionibus
1455 4090 1462 4132 :
1489 4060 1641 4135 molestis

659 4181 822 4255 nimirum
849 4184 981 4270 ciliciis,
1005 4185 1220 4267 insomnibus
1246 4184 1386 4276 vigiliis,
1402 4184 1502 4269 durae
1519 4183 1640 4279 quieti,

659 4296 798 4401 pallidis
807 4305 962 4396 jejuniis,
995 4308 1102 4405 nndae
1127 4307 1315 4404 pauperiei,
1348 4330 1482 4384 morum
1499 4326 1637 4401 compo·
