4100 6009
795 949 979 1012 -135-

398 1145 557 1242 proinde,
568 1145 654 1240 qnid
667 1146 731 1218 sibi
741 1144 937 1236 agendum?
949 1146 1143 1221 Gamaiieiis
1157 1151 1293 1228 consilii
1303 1175 1380 1222 me-

397 1277 675 1354 morentur,‚non
693 1290 792 1363 posse
820 1268 912 1343 illam
930 1290 992 1362 per
1005 1270 1097 1363 ipsos
1113 1271 1245 1343 destrui
1267 1303 1273 1343 :
1293 1274 1380 1353 idco,
1452 1360 1455 1366 ¹

398 1413 461 1462 nec
489 1389 831 1463 contraveniendum.
863 1391 1109 1486 lmpugnantes
1131 1394 1251 1487 ipsam·
1270 1396 1376 1467 Deum

399 1516 612 1610 impugnare,
632 1515 693 1608 qui
707 1515 802 1586 nuilo
820 1515 958 1608 negotio
976 1538 1057 1588 suos
1069 1519 1207 1604 evertit,
1232 1521 1379 1592 conterit

397 1649 432 1709 et
447 1639 575 1710 everrit
585 1637 713 1710 hostes.
725 1639 796 1709 Nec
809 1637 1171 1711 crederenteamasuo
1184 1641 1379 1714 schismate

397 1758 603 1853 quandoque
621 1758 760 1831 devinci
774 1781 884 1854 posse.
907 1760 1082 1832 Somnium
1104 1760 1138 1830 id
1153 1781 1230 1832 esse
1254 1761 1375 1833 inimi-

399 1904 517 1956 corum
532 1884 696 1956 iraternae
715 1884 902 1956 charitatis.

447 2007 604 2093 Demum,
623 2007 789 2079 vindictae
818 2006 948 2078 divinar
965 2006 1177 2100 pedetentim
1202 2007 1378 2081 schismati

399 2129 591 2224 arrepcntis
619 2129 796 2223 effectibus
820 2128 867 2200 ad
896 2129 1033 2200 oculum
1063 2130 1263 2224 propalatis,
1295 2131 1377 2203 dum
1468 2137 1473 2146 '

398 2250 492 2321 varia
505 2249 550 2322 ad
563 2250 1136 2324 sanctamunionemexhortatione
1150 2251 1379 2338 utitur,etiam

398 2371 551 2447 adhibito
568 2373 747 2468 compulsu
771 2372 816 2444 ad
835 2370 1025 2458 introitum,
1041 2393 1139 2444 suam
1160 2386 1210 2445 sat
1229 2376 1379 2468 amplam

398 2495 572 2568 concludit
589 2494 797 2566 Pareaecim.

351 2629 355 2642 ‘
447 2618 509 2689 Cui
522 2618 598 2691 haec
614 2639 717 2689 manu
747 2618 884 2712 propria
906 2619 1088 2714 adscripsit
1117 2620 1224 2692 verba
1242 2619 1379 2690 :Pacem

401 2737 523 2810 Christi
538 2739 737 2824 mitteretis,
753 2737 892 2835 fratres:
908 2766 1004 2837 quum
1018 2741 1050 2811 si
1062 2741 1253 2838 receperitis,
1270 2766 1380 2812 muue-

400 2862 444 2933 dit
458 2863 615 2935 uobiscum
624 2891 634 2948 ;
649 2862 679 2932 si
695 2887 757 2934 ooo
777 2864 967 2958 receperitis,
986 2876 1160 2936 revertetur
1180 2860 1224 2932 ud
1238 2887 1298 2936 me.
1323 2865 1380 2937 Vos

399 2999 505 3057 cutem
533 2985 658 3070 scitote„
674 2985 751 3086 quia
778 3010 840 3055 uon
861 2985 970 3080 fuistis
1000 3011 1039 3056 eu
1061 2985 1164 3082 dipoi.
1185 2986 1257 3080 Epo
1285 2987 1381 3058 etiam

399 3109 507 3180 arciens
522 3106 664 3178 dedomo
692 3121 805 3193 uestra,
826 3110 985 3180 excutiam
1015 3108 1161 3206 pulveres
1188 3109 1227 3180 de
1245 3109 1381 3205 pedibus

400 3236 488 3320 mes,
502 3233 765 3306 intestimonium
776 3246 888 3303 contro
901 3257 964 3318 uos,
983 3232 1081 3305 indie
1099 3232 1255 3305 terribilis
1261 3232 1383 3328 judicii

403 3357 476 3429 Dei.

449 3480 570 3552 Eidem
590 3480 741 3552 Vilnensi
764 3478 925 3552 sodalitio
950 3479 1017 3572 (cui
1038 3489 1166 3572 praeter
1179 3477 1275 3547 cives
1287 3497 1379 3570 prae-

402 3602 740 3697 cipuanobilitassua
755 3601 857 3674 inseri
861 3610 981 3696 pserat
990 3599 1216 3697 inscribitque
1226 3600 1378 3685 nomina,

402 3725 497 3798 stab
514 3746 555 3797 eo
573 3725 641 3796 alia
655 3746 759 3819 quam
774 3723 921 3819 plurima
940 3721 1085 3794 ruthena
1101 3719 1303 3792 derivantur
1320 3742 1382 3793 so-

403 3848 531 3941 dalitia]
560 3849 740 3942 epistolam
769 3868 865 3918 suam
897 3846 942 3917 ad
970 3843 1381 3937 constantinopolitanum

404 3971 570 4043 directam
588 3969 857 4064 patriarcham,c
873 3970 978 4041 latino
991 3969 1026 4038 in
1044 3965 1240 4065 polonicum
1255 3965 1382 4044 idioma

404 4117 556 4182 versam,
587 4095 855 4188 impressamque
880 4113 957 4164 cum
976 4086 1140 4160 Purooesi
1173 4089 1377 4162 transmisit:

408 4230 443 4290 ut
457 4216 628 4302 viderent,
643 4218 777 4309 quatem
793 4226 965 4310 pastorem
979 4213 1159 4284 haberent.
1169 4210 1237 4282 Sed
1254 4212 1381 4298 frustra

306 4435 308 4438 Ι
406 4342 643 4436 pervicacibus
660 4342 782 4415 animis
795 4343 897 4414 etiam
928 4337 1385 4432 1113111111111111111111111111ει
