4100 6009
763 920 946 984 —lbl-

370 1153 411 1204 ea
435 1130 612 1216 miracula,
631 1129 666 1200 in
683 1128 865 1224 Volhyniae
884 1126 1053 1224 partibus,
1068 1129 1176 1202 Deum
1203 1131 1349 1205 mirabi-

370 1254 452 1327 lium
470 1227 679 1348 patrdtorem
700 1251 945 1324 monstravisse
957 1251 1073 1342 ajebat
1088 1253 1256 1349 Iosephus
1269 1258 1350 1329 llut-

333 1389 335 1394 '
371 1378 463 1450 scius
480 1406 486 1448 :
506 1386 545 1449 ut
568 1375 627 1449 ubi
641 1375 744 1448 altius
769 1386 874 1471 caput
891 1398 991 1448 suum
1012 1376 1180 1471 pervicax
1193 1393 1354 1453 erexerat

370 1500 529 1586 schisma,
548 1498 598 1570 ibi
612 1499 723 1591 magis
744 1499 923 1572 confusum
956 1499 1123 1574 humilius
1137 1501 1352 1597 deprimere-

371 1633 439 1694 tur.
456 1624 499 1694 lit
510 1629 595 1694 sane
607 1642 773 1714 magnam
787 1621 1015 1694 schismaticis
1031 1643 1073 1694 ea
1081 1622 1251 1697 miracula
1263 1647 1354 1722 prae·

370 1743 479 1816 buere
494 1743 651 1816 salutem.
674 1743 725 1814 Ne
745 1743 963 1815 meminerim
978 1743 1076 1830 alios,
1096 1743 1274 1818 civitatem
1292 1748 1355 1820 Os

372 1867 594 1961 trogiensem,
615 1875 670 1938 sat
681 1866 765 1938 olim
780 1869 981 1963 populosam
998 1876 1034 1939 et
1049 1889 1145 1940 mere
1157 1870 1354 1945 schismati-

374 2013 471 2078 cam,
503 1990 656 2062 maxima
683 2009 731 2060 ex
760 2000 859 2085 parte
892 2012 1118 2078 conversam,
1154 1992 1355 2089 nobilesque

374 2114 489 2187 varios
503 2114 661 2187 vidimus.

423 2237 466 2308 lit
492 2237 564 2329 jam
594 2236 753 2310 funebria
789 2235 1018 2309 imminebant
1052 2235 1241 2323 solemnia,
1274 2259 1355 2312 cum

377 2359 604 2454 triumphator
620 2359 812 2432 schismatis
827 2357 996 2445 Meletius,
1017 2367 1087 2430 tam
1104 2360 1237 2432 zelosus
1249 2361 1354 2433 etiam

376 2482 532 2577 postlata
547 2504 594 2555 ex
609 2483 712 2554 Saulo
726 2483 861 2568 Paulus,
880 2481 1005 2554 iterum
1029 2479 1202 2553 mirabilia
1214 2483 1275 2554 llei
1293 2484 1356 2578 per

376 2626 514 2676 manum
548 2627 646 2678 suam
677 2605 807 2698 aliquot
831 2613 912 2674 ante
943 2604 1112 2697 exequias
1142 2603 1275 2676 locutus
1303 2615 1356 2676 ast

376 2727 512 2800 diebus.
541 2728 673 2823 Quippe
700 2721 890 2820 exsanguis
911 2727 1062 2822 primum
1078 2737 1113 2798 et
1129 2726 1353 2814 cadaverosa,

377 2855 523 2925 naturali
541 2864 619 2949 post
635 2854 748 2947 vigori
764 2867 799 2924 et
811 2852 954 2925 flexioni
972 2851 1145 2938 restituta,
1165 2873 1235 2924 nnn
1252 2851 1357 2926 modo

377 2987 447 3050 tota
458 2978 574 3062 simul,
598 2976 838 3050 verumetiam
855 2973 1002 3071 quilibet
1018 2974 1095 3067 ejus
1110 2974 1251 3068 digitus,
1278 2986 1355 3047 tan·

247 3150 250 3154 -
376 3123 479 3195 quam
496 3101 712 3186 dormientis,
737 3100 782 3172 ad
800 3110 930 3172 tactum
948 3099 1110 3192 cujusvis
1126 3101 1272 3187 versari,
1287 3123 1357 3172 ex-

378 3222 494 3309 tendi,
520 3223 662 3308 inflecti,
697 3231 731 3295 et
772 3223 884 3294 Breve
916 3241 980 3315 pro
1009 3220 1108 3292 libitu
1145 3232 1356 3317 pertractum

377 3345 564 3434 dimittere,
592 3346 787 3441 impositum
808 3345 970 3417 retinere.
995 3343 1164 3415 Omnibus
1176 3342 1213 3414 id
1228 3343 1358 3416 viden-

378 3471 482 3555 tibus,
505 3467 748 3565 probantibus,
767 3465 1017 3539 demirantibus
1033 3464 1242 3561 :praecipue,
1263 3465 1355 3560 quod

378 3591 545 3686 frigorum
563 3611 653 3687 pene
681 3589 951 3662 intolerabilium
977 3588 1013 3661 id
1042 3586 1207 3682 temporis
1223 3587 1357 3681 vigeret

378 3723 587 3806 urgeretque
604 3716 811 3807 tempestas!
1271 3713 1274 3716 ’

426 3836 470 3907 Et
477 3855 563 3924 vero
571 3843 640 3907 tam
657 3855 786 3927 magna
799 3832 1064 3930 contemplando
1073 3833 1252 3918 miracula,
1264 3843 1359 3906 recto

378 3957 510 4031 dixeris
537 3979 615 4030 eam
639 3957 735 4029 Pauli
763 3957 895 4030 Russiae
921 3977 1076 4043 manum,
1096 3975 1233 4028 socrum
1247 3958 1359 4029 Breve

379 4093 567 4169 tenentem,
589 4079 746 4156 laborum
762 4102 825 4177 pro
843 4077 912 4153 fide
929 4100 1070 4152 suorum
1085 4074 1231 4172 longum*
1255 4081 1358 4154 testi-

379 4205 534 4278 monium
561 4203 749 4290 hahuisse,
777 4213 813 4276 et
829 4225 893 4299 pro
909 4224 951 4276 ea
981 4212 1118 4274 servata
1150 4202 1359 4301 defensaque

378 4327 485 4401 loturi
505 4327 633 4423 vigoris
650 4326 797 4422 praemio
808 4325 882 4418 jam
897 4336 968 4398 tum
980 4324 1145 4398 donatam
1157 4323 1275 4399 luisse.
1303 4325 1358 4398 An
