4100 6009
780 947 964 1011 -183-

384 1165 548 1239 sequentes,
572 1153 701 1219 ecclesie
717 1153 866 1218 orientalis
880 1153 1070 1218 directionem
1084 1154 1266 1239 aspiciebant
1276 1169 1306 1223 et
1316 1157 1371 1222 ob·

382 1261 549 1341 seruabant,
573 1261 604 1326 id
625 1262 734 1330 lieriet
749 1261 947 1345 cupiebantet
963 1259 1096 1324 orabant.
1119 1257 1214 1344 Igitur
1228 1262 1300 1328 lats.
1319 1286 1371 1349 pe-

383 1369 529 1450 triarcba,
545 1387 582 1431 ns
592 1368 686 1432 olhoio
704 1378 735 1432 et
756 1369 786 1432 in
803 1386 853 1431 eos
867 1367 969 1450 pietati
995 1385 1055 1430 sna
1067 1367 1213 1447 deessent,
1229 1387 1273 1432 me
1284 1371 1370 1434 mise·

384 1487 461 1556 runt,
478 1487 511 1540 nt
533 1477 653 1540 istorum
677 1474 865 1544 necessitates
890 1473 1092 1558 intelligerem,
1108 1485 1139 1539 et
1150 1474 1174 1538 si
1186 1495 1261 1560 opus
1281 1489 1370 1556 esset,

384 1603 443 1650 sua
467 1583 554 1667 regias
574 1583 717 1664 majestati
741 1594 771 1648 et
792 1583 873 1666 regni
895 1583 1045 1649 ordinibus
1066 1583 1307 1648 commendarem.
1325 1586 1367 1650 do

382 1692 518 1777 qnoniam
534 1692 675 1778 superiori
690 1710 778 1770 enno,
795 1691 852 1758 dno
867 1691 1103 1775 evangelicorum
1115 1693 1235 1777 qnidam
1245 1694 1367 1759 ministri

382 1796 469 1864 Vilna
483 1800 521 1862 ad
531 1778 627 1862 meum
652 1797 847 1882 patriarcham
860 1798 894 1861 B.
909 1796 1061 1864 ldeletium
1081 1799 1271 1884 scripserunt,
1288 1802 1368 1886 qood

379 1902 1016 1988 olimstVittembergensesilermaniadpia
1024 1906 1167 1969 momoria
1179 1904 1362 1985 Hieremiam,

381 2009 577 2093 patriercham
587 2008 939 2094 constantinopolitanum
952 2011 1092 2091 lacerant,
1103 2009 1155 2074 sed
1163 2030 1221 2074 non
1231 2010 1369 2076 obtinue-

384 2127 461 2196 rant,
475 2116 550 2180 utin
566 2117 704 2181 unitatem
711 2128 742 2182 et
753 2117 981 2182 communionem
995 2137 1098 2201 grace
1109 2116 1260 2202 religionis
1271 2120 1371 2183 susci-

383 2234 520 2307 perentur
541 2246 547 2286 :
565 2223 608 2288 eis
631 2243 801 2309 responsum
826 2223 863 2289 ah
888 2225 989 2290 eodem
1008 2224 1043 2288 Β.
1060 2224 1179 2289 llcletio
1201 2225 1366 2290 retuleram.

384 2328 472 2409 Quod
501 2340 596 2394 mmen
621 2349 686 2395 cum
712 2331 918 2396 intellexissem
948 2332 1042 2396 minus
1069 2344 1183 2416 gratnm
1209 2334 1281 2413 lore,
1308 2345 1367 2399 tum

384 2435 417 2502 S.
432 2435 468 2502 lt.
485 2437 540 2517 ll,
558 2450 617 2504 tum
638 2438 792 2504 catholicis
819 2440 970 2505 omnibus:
998 2459 1092 2524 neque
1119 2440 1244 2520 reddidi,
1275 2461 1370 2527 neque

384 2543 549 2628 publicari,
566 2557 664 2610 etnon
682 2546 775 2610 solnm
788 2547 844 2611 boc
863 2547 927 2625 leci,
945 2547 997 2611 sed
1020 2547 1107 2610 etiam
1121 2545 1218 2610 nullos
1231 2567 1296 2612 oum
1310 2548 1369 2612 illis

384 2647 513 2734 publice,
529 2651 584 2716 nisi
596 2671 660 2715 oum
672 2671 728 2716 uno
748 2651 793 2716 vel
805 2651 897 2716 altero
908 2651 936 2715 in
953 2649 1110 2735 Volbynia,
1129 2649 1265 2736 idqnead
1276 2654 1369 2718 adili·

385 2755 540 2835 cationem,
562 2777 709 2822 sermones
720 2757 820 2822 habui.
837 2757 883 2821 hd
895 2756 1026 2842 quadam
1041 2757 1174 2824 iacienda
1190 2778 1210 2822 a
1224 2757 1369 2824 nonnullis

383 2864 424 2928 lui
445 2863 635 2945 sollicitatos;
651 2865 703 2932 sed
717 2883 785 2949 ego,
801 2865 924 2930 minima
935 2864 1111 2930 turbationis
1132 2867 1277 2930 occasioni
1292 2867 1368 2932 viam

383 2971 576 3056 praeludens,
593 2971 703 3038 nullum
725 2991 895 3050 consensum
909 2972 1031 3058 prebui.
1048 2970 1118 3036 Scio
1131 2973 1206 3036 enim
1219 2973 1321 3056 probe,
1336 2987 1368 3040 et

383 3078 479 3142 sciunt
503 3079 557 3144 mei
576 3077 759 3162 patriarcha,
776 3080 975 3145 hereticorum
990 3081 1053 3143 sive
1066 3080 1298 3164 evangelicorum
1314 3084 1367 3147 do·

384 3197 483 3270 gmata
496 3197 525 3251 et
535 3186 844 3271 actionesscmpernon
857 3187 949 3252 solnm
961 3187 1091 3252 ecclesia
1104 3187 1256 3252 catholica
1270 3191 1369 3254 orien-

383 3290 451 3355 talis
466 3303 496 3355 et
506 3290 695 3356 occidentalis
705 3291 859 3376 perniciem
872 3304 902 3356 et
916 3291 1098 3358 turbationes
1113 3294 1272 3358 excitasse:
1289 3297 1369 3378 quod

384 3409 415 3463 et
427 3410 498 3464 tuno
513 3399 542 3462 in
557 3396 721 3478 Germania,
744 3397 852 3477 Gallia,
871 3397 976 3482 buglis
986 3411 1015 3462 et
1026 3397 1095 3462 alibi
1107 3419 1226 3464 cernere
1241 3413 1301 3481 est3
1315 3403 1368 3466 sed

384 3506 471 3570 otiam
482 3525 591 3570 morum
604 3506 818 3589 corruptionem
831 3504 987 3570 notabilem
999 3505 1075 3570 iuter
1084 3506 1236 3572 christiani
1244 3509 1367 3574 nominis

311 3697 314 3704 ⁴
384 3633 474 3698 regne
485 3613 643 3678 induxisse.
662 3613 793 3698 Cumque
809 3633 925 3698 regnum
945 3613 1137 3680 bocrestrum
1157 3611 1366 3679 nobilissimum

383 3735 413 3786 et
432 3721 661 3808 potentissimum
675 3721 762 3803 (qnod
778 3717 855 3784 Deus
875 3718 1018 3806 Optimus,
1042 3719 1186 3784 blanimns
1206 3720 1366 3788 diutissime

383 3840 478 3898 servet
493 3829 597 3892 lloreus
608 3837 637 3892 et
648 3826 800 3911 incolume)
816 3827 956 3910 ejusmodi
971 3830 1018 3908 sit,
1034 3839 1066 3893 nt
1078 3829 1107 3890 in
1118 3827 1181 3908 ejus
1193 3827 1270 3891 lolici
1286 3842 1365 3896 statu

383 3938 523 4004 consistat
542 3934 621 4000 salus
641 3935 731 3999 totius
749 3933 899 3998 christiani
920 3934 1000 4000 orbis
1024 3954 1060 3998 ac
1074 3933 1244 4019 populorum
1266 3934 1364 4001 Jcsum

383 4043 539 4118 Christum,
554 4039 732 4105 salvatorem
745 4041 854 4121 mundi,
865 4039 1044 4123 sequentium
1054 4064 1060 4103 :
1071 4041 1126 4104 boc
1136 4051 1168 4104 ut
1178 4041 1364 4111 concordiam

382 4169 461 4214 suam
476 4158 572 4213 servet
591 4166 626 4210 ac
640 4158 766 4224 tueatur,
785 4167 841 4210 non
865 4147 956 4212 solum
973 4168 1027 4231 ego
1044 4159 1125 4232 opto,
1141 4160 1171 4212 et
1193 4145 1282 4213 Deum
1297 4169 1361 4229 oro,

382 4254 532 4320 sedetiam
547 4253 601 4318 mei
616 4254 799 4338 patriarcba,
816 4257 1007 4319 immoomoes
1017 4254 1110 4319 Greci
1122 4257 1219 4320 caeteri
1234 4256 1364 4323 oriente·

382 4361 420 4424 lis
434 4359 561 4424 aeclesia
576 4359 722 4425 christiani
740 4361 913 4427 desiderant
940 4361 976 4425 Et
997 4361 1066 4425 licet
1088 4362 1213 4425 lraeretici
1231 4362 1362 4447 Europei
