4100 6009
1109 813 1273 879 „93-

699 1019 909 1110 Gerganum,
924 1009 1272 1103 lutheranograecnm
1303 1033 1389 1103 qnos
1414 1032 1493 1082 cnm
1516 1014 1591 1106 pari
1612 1013 1681 1086 de·

703 1137 880 1234 pressisset
903 1145 938 1207 et
954 1135 1190 1206 conculcasset
1221 1132 1432 1205 dexteritate
1448 1133 1679 1221 Smotriscins,

701 1283 769 1334 non
781 1259 963 1330 immemor
975 1255 1113 1328 lnitsni.
1129 1254 1488 1349 Etenimassumptnm
1501 1255 1683 1350 Theophili

701 1381 879 1476 Orthologi
894 1399 1016 1451 nomen
1035 1387 1071 1450 et
1084 1398 1270 1470 agnomen,
1287 1378 1368 1472 quia
1381 1388 1566 1472 personata
1583 1401 1684 1465 erant

700 1513 916 1588 ornamenta,
931 1502 967 1572 in
984 1498 1211 1596 Apologetico
1227 1521 1289 1602 sno
1307 1501 1422 1594 palam
1436 1499 1503 1572 sihi
1516 1501 1680 1574 detrahit.

702 1629 846 1700 Errores
874 1636 909 1696 et
937 1623 1170 1719 blasphemias
1194 1645 1273 1695 snas
1304 1625 1481 1699 humiliter
1513 1641 1683 1713 recenset,

703 1749 859 1843 graviter
868 1747 1006 1833 refellit,
1016 1746 1161 1817 feliciter
1174 1745 1500 1819 condemnat.Adeo
1511 1758 1549 1819 ut
1565 1769 1682 1842 quem·

702 1875 889 1950 admodum
913 1895 960 1946 ex
982 1871 1114 1945 Russiae
1148 1872 1376 1966 matheologis
1408 1895 1512 1945 nemo
1537 1875 1595 1945 illo
1620 1895 1680 1969 pe·

699 1999 756 2090 jus
769 1999 804 2069 in
813 1995 1015 2089 angularem
1036 1992 1219 2067 offenderit
1233 1995 1396 2089 lapidem,
1411 1994 1456 2067 ad
1470 1995 1563 2066 Petri
1578 2005 1681 2065 aeter-

705 2143 783 2196 nam
802 2119 984 2215 impegerit
1005 2128 1158 2212 petram;
1183 2117 1230 2189 ita
1251 2118 1353 2188 etiam
1378 2117 1492 2212 seipso
1505 2119 1681 2190 neminem

703 2255 845 2316 exercet
856 2243 992 2316 melius.
1005 2242 1047 2312 Et
1062 2240 1273 2336 potissimum
1285 2241 1331 2312 de
1346 2240 1497 2310 amento
1509 2263 1573 2314 sno
1588 2239 1683 2312 edis-

703 2368 801 2453 serit,
820 2363 856 2434 in
869 2363 1079 2461 sandomento
1103 2363 1173 2459 ejas
1187 2386 1253 2434 esse
1269 2363 1394 2460 jactam
1417 2361 1536 2448 odiam,
1564 2363 1601 2434 ia
1612 2387 1682 2458 po-

703 2487 835 2560 riallac
852 2487 958 2584 fictam
972 2485 1103 2582 solcum,
1128 2485 1164 2554 in
1181 2497 1257 2555 tecto
1278 2484 1448 2580 repositam
1471 2483 1678 2556 columniam.

705 2614 742 2684 ln
772 2609 890 2683 verbis
913 2606 1073 2693 mordax,
1105 2628 1198 2693 acre,
1225 2607 1440 2697 intolerabile
1464 2619 1529 2680 :et
1553 2607 1683 2702 ubique

704 2733 837 2806 servire
851 2731 1132 2826 iniqnitati:omni
1145 2729 1285 2803 demum
1295 2752 1342 2803 ex
1354 2741 1452 2825 parte
1464 2740 1685 2826 pertumesse

705 2855 920 2929 haereticum.
937 2855 1022 2927 Tota
1039 2852 1183 2948 proinde
1195 2853 1311 2925 anima
1328 2853 1556 2942 indolescere,
1573 2864 1609 2925 et
1621 2874 1684 2925 ar-

704 2979 843 3054 dentius
859 2999 963 3077 qnam
984 2976 1120 3071 concipi
1142 2985 1269 3071 potest,
1286 2979 1394 3049 Deum
1417 2977 1600 3050 Dominum
1617 2977 1685 3049 de-

705 3101 851 3200 precari,
867 3098 1073 3194 ignorantiae
1084 3119 1157 3171 suae
1165 3120 1304 3193 parsum
1317 3100 1414 3172 velit.
1427 3099 1685 3196 Aegrimoniam

704 3237 739 3300 et
751 3222 1214 3311 dolorem,transcendentes
1225 3224 1377 3313 modum,
1389 3246 1469 3297 enm
1478 3225 1598 3297 subire
1611 3247 1685 3299 mo-

707 3349 806 3436 dum,
817 3359 855 3420 ut
867 3358 1064 3442 torpescere
1074 3347 1247 3420 hominem
1263 3348 1401 3434 faciant,
1412 3348 1687 3422 voceminterci-

708 3471 814 3566 piant,
839 3468 1000 3541 lacrimas
1026 3466 1220 3540 inhibeant.
1246 3469 1332 3554 Qnae
1355 3469 1472 3542 omnia
1504 3470 1538 3540 in
1572 3469 1687 3564 seipso

707 3593 908 3686 gravissime
937 3592 1200 3686 persentiscere.
1232 3591 1347 3687 ligere
1384 3603 1500 3665 tamen
1534 3590 1688 3663 infinitas

707 3716 782 3788 Deo
799 3725 927 3808 grates,
946 3713 1039 3808 quod
1055 3715 1110 3787 sni
1130 3716 1165 3786 in
1186 3724 1317 3788 tantum
1336 3716 1498 3789 misertus
1528 3724 1632 3799 esset,
1648 3725 1687 3786 ut

706 3839 910 3911 sceleratam
930 3835 1055 3911 vivens
1074 3836 1263 3932 vidensque
1288 3837 1454 3910 offensam
1479 3848 1687 3934 agnosceret

707 3969 742 4030 et
758 3959 952 4054 poeniteret.

756 4081 1683 4180 Sanemirumdiotn,qnamacriterseipsumllagellet,

707 4228 784 4278 cum
803 4216 915 4299 rogat,
934 4205 1091 4300 quisnam
1110 4217 1201 4281 esset
1225 4208 1433 4302 Theophilus
1456 4208 1686 4301 Ortholognsl
