4100 6009
785 993 968 1056 -ttt-

376 1201 585 1295 frequentes,
617 1200 783 1294 praesides
811 1200 914 1286 dicti,
937 1200 1050 1272 omnis
1075 1221 1193 1273 eorum
1220 1199 1355 1290 militia,

375 1339 409 1401 et
432 1328 745 1422 ingenshominum
759 1328 877 1414 turha,
898 1326 934 1398 id
951 1327 1117 1422 temporis
1129 1351 1285 1424 praesens
1296 1354 1356 1403 se-

376 1451 466 1522 outa.
493 1449 558 1522 Ubi
586 1448 631 1522 ad
657 1472 784 1544 corpus
799 1450 964 1534 constitit,
989 1460 1025 1521 et
1042 1451 1220 1547 utriusque
1236 1443 1357 1526 manus

376 1595 604 1668 perseverans
620 1573 824 1645 miraculum
839 1571 949 1646 ocutis
980 1569 1241 1669 circumspexit,
1259 1586 1356 1647 atto-
1423 1585 1429 1594 '

377 1696 469 1768 nitus
493 1706 528 1766 et
543 1696 694 1782 haerens,
715 1695 761 1800 ex
783 1697 864 1782 iilis,
891 1696 950 1789 qui
979 1696 1053 1786 ejus
1083 1697 1133 1767 rei
1152 1691 1356 1793 principium

375 1827 587 1910 spectavere,
619 1827 878 1912 percunctatur.
916 1819 1001 1890 Tum
1035 1819 1140 1890 isaias
1168 1819 1353 1906 Radevicz,

374 1939 575 2011 monasterii
591 1939 740 2012 vicarius
756 1949 791 2009 et
809 1937 1006 2035 presbyter,
1019 1939 1275 2035 Metrophanes,
1285 1943 1357 2014 dia-

377 2083 484 2133 conus
506 2073 740 2158 cognatusque
766 2062 822 2156 pie
848 2061 1069 2148 defunctiet
1102 2065 1260 2138 famulitii
1281 2069 1358 2159 ejus

378 2183 593 2278 primicerius
609 2181 835 2256 Niehrebecki
858 2183 982 2277 (neque
1002 2186 1096 2262 enim
1113 2187 1243 2281 plures,
1258 2211 1358 2259 sum-

377 2327 432 2379 ma
448 2321 563 2397 nocte,
584 2311 696 2382 Breve
726 2309 812 2380 illud
831 2309 948 2381 manui
971 2310 1185 2404 imponentes
1200 2312 1355 2407 adtuere)

376 2428 440 2500 sub
453 2431 679 2523 jurejurando
697 2453 814 2504 coram
844 2443 994 2527 pastore,
1023 2433 1110 2505 caelo
1127 2444 1225 2522 teste,
1244 2437 1356 2508 omni-

377 2551 510 2647 busque
527 2554 771 2649 praesentibuS,
793 2554 953 2624 universa
969 2553 1093 2626 ordine
1104 2577 1209 2651 supra
1228 2580 1357 2631 memo·

378 2684 453 2748 rato
469 2697 686 2748 recensuere.
707 2679 749 2748 Et
766 2677 832 2748 hoc
849 2667 975 2770 ipsum,
995 2678 1133 2750 Rutscio
1148 2680 1299 2769 volente,
1312 2683 1357 2754 ad

378 2795 563 2890 imaginem
588 2797 760 2886 crucifixi,
792 2799 897 2870 certis
912 2802 1120 2872 sacramenti
1136 2802 1254 2873 verbis
1269 2825 1359 2876 con·

380 2917 574 2991 firmavere.
587 2921 690 2994 Facto
702 2931 854 3017 pectore,
867 2922 1175 3017 praesidesmilitiae
1183 2922 1354 3014 adjecere,

378 3061 459 3133 quae
476 3040 543 3136 ipsi
557 3043 759 3136 probassent
779 3069 786 3112 :
805 3043 979 3137 quomodo
992 3045 1102 3117 breve
1116 3047 1219 3118 toties
1232 3049 1358 3119 traxis-

379 3174 466 3250 sent,
486 3185 550 3236 nec
563 3167 811 3252 extraxissent,
833 3176 868 3238 et
884 3167 1053 3262 quidquid
1070 3170 1159 3241 uarii
1179 3172 1353 3258 iecissent,

381 3297 617 3360 attentassent.

428 3409 473 3481 At
501 3411 669 3506 Iosephus
693 3413 862 3498 Rutscius,
884 3413 938 3485 vir
954 3413 1179 3503 auctoritatis,
1198 3418 1358 3512 pruden-

378 3533 650 3620 tias,sanctitatis
659 3517 811 3622 eximiae,
824 3535 928 3607 corde
943 3537 1098 3608 nonnihit
1112 3552 1257 3612 exorato
1270 3543 1353 3630 Deo,

380 3655 469 3726 etin
494 3656 616 3751 spiritu
645 3657 783 3730 Meletio
807 3659 964 3746 salutato,
985 3659 1115 3753 aliquot
1131 3662 1255 3746 verba,
1277 3651 1370 3758 quan

381 3787 451 3848 tum
471 3776 536 3871 ipsi
550 3777 717 3850 divinitus
731 3779 954 3866 influxerant,
984 3783 1150 3877 profatus,
1170 3783 1217 3854 ad
1230 3803 1357 3880 corpus

381 3899 619 3972 venerandum
635 3903 789 3988 accessit.
813 3904 902 3976 Ecce
923 3925 1046 3976 manus
1067 3905 1125 3975 illa
1141 3905 1268 3976 Meletii
1284 3907 1360 3978 aliis

382 4022 564 4109 inurbana,
594 4026 742 4122 Josepho
773 4029 919 4100 muitum
951 4027 1099 4114 urbana,
1134 4029 1265 4102 litteras
1283 4031 1358 4103 ilias

382 4143 537 4216 Urbanas
553 4147 726 4221 levissime
739 4149 877 4228 demisit
893 4157 908 4220 ts
924 4151 1068 4223 Haerere
1084 4150 1139 4222 hic
1166 4172 1285 4223 omnes
1301 4162 1359 4223 at-

383 4266 493 4352 toniti,
509 4268 567 4360 qui
581 4271 748 4342 anteactis
763 4271 900 4359 diebus,
912 4273 1109 4346 sexcenties
1126 4275 1202 4346 ittas
1218 4273 1357 4346 trahen-

383 4396 445 4474 tes,
467 4411 606 4484 operam
622 4392 866 4486 perdiderunt!
889 4395 1037 4490 Iosepho
1056 4403 1170 4468 autcm'
1186 4419 1358 4469 momora-
