4100 6009
782 967 964 1032 -1tt-

372 1178 472 1272 qnasi
500 1179 545 1252 de
577 1181 724 1276 quadam
754 1177 929 1251 laetantem
958 1188 1150 1268 venustate,
1175 1182 1276 1256 citius
1308 1184 1353 1260 ad

372 1300 548 1376 interitum
565 1302 822 1394 descensuram,
841 1321 943 1394 quam
960 1299 1137 1391 interilum
1158 1325 1348 1381 sensuram.

371 1419 457 1505 Quae
488 1424 617 1508 omnia,
638 1431 754 1518 utpote
774 1422 895 1495 intime
919 1421 985 1495 sibi
998 1423 1249 1512 commendata,
1265 1425 1352 1498 dili-

371 1555 494 1638 genter
537 1546 736 1642 dispiceret,
784 1546 929 1618 solerter
974 1547 1175 1642 corrigeret‚
1219 1548 1352 1621 fortiter

362 1680 584 1769 protegeret.
609 1695 626 1737 r

420 1788 475 1863 Ad
495 1813 576 1886 quae
592 1789 786 1875 Boreccins,
807 1812 885 1862 cum
901 1788 1043 1877 llohiia,
1061 1789 1262 1864 Smotriscio
1277 1790 1347 1865 de-

372 1913 576 1984 nuntiavere
589 1941 596 1983 :
608 1913 696 1984 lecto
709 1910 785 2003 ejus
797 1912 1077 1996 labore‚sensum
1092 1934 1193 1985 snum
1210 1925 1348 2009 apertu-

374 2057 443 2123 ros,
457 2048 492 2110 et
504 2047 628 2110 exacte
643 2056 880 2132 responsuros.
890 2037 1068 2111 Comvero
1080 2037 1138 2110 ille
1150 2059 1352 2134 responsum

373 2168 426 2231 sat
442 2159 545 2252 longo
566 2160 825 2254 praestolaretur
839 2168 1009 2252 tempore,
1038 2159 1192 2254 nihilque
1221 2159 1349 2233 sinistri

372 2284 445 2356 lore
472 2282 713 2378 perpenderet,
745 2285 850 2356 immo
881 2283 1051 2378 placuisse
1074 2282 1143 2356 illis
1168 2295 1345 2358 censeret:

372 2404 533 2479 cumdem
551 2405 718 2494 laborem,
737 2429 759 2479 e
778 2407 958 2478 ruthenico
984 2408 1076 2502 stylo
1097 2407 1254 2502 polonice
1272 2429 1351 2480 ver·

372 2549 464 2614 sum,
482 2528 634 2615 Rutscio,
649 2529 825 2600 unitorum
837 2527 1114 2623 metropolitano,
1139 2528 1268 2601 direxit
1281 2550 1349 2625 ap-

373 2650 603 2744 probandum,
623 2663 659 2723 ut
676 2651 710 2722 in
729 2651 840 2723 lucem
865 2650 1069 2745 quantocius
1095 2652 1199 2725 etiem
1224 2654 1349 2748 polono

371 2774 527 2868 prodiret
536 2773 709 2851 idiomate.
722 2773 819 2845 Nona
824 2772 903 2865 julii
918 2771 1094 2845 redditum
1103 2776 1348 2879 oposliutscio,

372 2895 431 2988 qui
452 2897 642 2992 postposito
671 2897 779 2982 senio,
810 2897 1057 2992 oculorumque
1073 2917 1094 2968 a
1109 2919 1218 2992 puero
1242 2896 1348 2973 debi-

372 3019 456 3102 lium
469 3020 688 3114 egritudine,
700 3020 780 3091 licet
792 3018 953 3090 catarrho
965 3017 1139 3091 obnoxius
1154 3019 1352 3095 ideoiactus

373 3144 430 3230 sit,
447 3165 569 3216 verum
592 3153 707 3220 tamen
729 3163 793 3214 sex
821 3133 923 3236 supra
947 3141 1072 3234 viginti
1096 3143 1261 3235 philuras‚
1281 3167 1351 3217 una

372 3266 563 3358 eademque
576 3266 665 3350 luce,
684 3265 800 3360 paucis
811 3264 847 3334 in
862 3263 963 3334 aliam
978 3255 1249 3353 remanentibus,
1269 3289 1348 3369 per-

372 3392 493 3463 volvit.
512 3388 756 3464 Festinandum
770 3387 864 3458 enim
877 3387 953 3474 fuit,
966 3399 1002 3458 ut
1015 3409 1102 3481 opus
1114 3409 1177 3482 pro
1189 3387 1353 3484 Assump-

374 3514 467 3596 tione
483 3512 649 3605 Virginea
668 3510 802 3582 Kioviae
833 3509 867 3578 in
898 3507 1030 3604 synodo
1050 3509 1161 3603 praelo
1189 3507 1352 3582 donatum

372 3644 598 3730 compareret.
633 3631 836 3727 stupuitque
861 3631 1034 3716 Rutscius‚
1066 3651 1105 3702 se
1128 3631 1222 3702 omni
1239 3628 1354 3702 studio

373 3756 564 3828 Smotriscii
572 3757 832 3828 conversionem
842 3753 1242 3848 celavisse,Romamque
1251 3774 1355 3847 snper

372 3899 414 3950 eo
426 3879 602 3972 scripsisse
619 3906 627 3964 ;
656 3878 753 3950 illum
776 3898 861 3950 vero
879 3875 991 3979 ipsum
1009 3875 1044 3946 in
1059 3872 1216 3970 Apolopic
1232 3882 1355 3968 sponte

373 4021 434 4074 sua
450 4003 614 4078 unionem
645 4000 896 4098 depraedicare,
927 4000 1061 4070 salvum
1087 4000 1262 4069 neminem
1280 3998 1358 4070 sine

374 4122 535 4210 illatore,
567 4143 707 4196 seeum
732 4121 901 4218 profiteri,
930 4120 1106 4193 schismati
1133 4118 1355 4208 maledicere,

373 4245 560 4340 scriptores
576 4246 650 4337 ejus
666 4268 745 4318 cum
759 4243 953 4318 haeresibus
965 4243 1212 4329 condemnere,
1224 4243 1357 4316 lomen-

375 4379 441 4438 tum
463 4392 561 4442 suum
593 4371 795 4455 lamentari,
827 4390 979 4464 ovesque
1003 4389 1151 4441 exorare
1181 4388 1281 4454 suas,
1312 4388 1356 4438 ne
