4100 6009
399 1344 602 1414 Litterarum
613 1336 797 1411 Smatriscii
813 1336 856 1407 od
870 1336 1045 1435 Cyrillum,
1059 1338 1283 1435 patriarcham
1300 1340 1381 1413 Coa-

581 1446 942 1544 stautiuolopolitauum,
960 1445 1190 1543 compendium.

449 1694 477 1764 A
494 1717 562 1789 quo
577 1694 870 1788 Constantinopoli
884 1694 1057 1778 cessisset,
1073 1692 1194 1765 dolore
1206 1714 1243 1764 se
1260 1690 1382 1765 confici

398 1816 603 1909 gravissimo
622 1843 630 1885 :
650 1815 744 1908 quod
760 1814 947 1886 exantlatis
964 1825 1056 1887 terra
1072 1815 1228 1907 marique
1244 1814 1381 1907 perieu-

398 1941 453 2027 lis,
470 1961 558 2012 onus
572 1940 710 2027 animae,
727 1939 810 2012 fidei
826 1939 942 2011 dubiis
954 1960 1099 2034 pressae,
1115 1940 1207 2034 apud
1221 1962 1300 2013 eum
1314 1963 1382 2012 non

398 2062 626 2157 deposuisset.
639 2063 695 2136 Ad
706 2064 847 2158 propria
861 2084 944 2134 vero
957 2084 1149 2149 reversum,
1161 2064 1294 2154 majora
1303 2062 1381 2135 odia

398 2190 560 2261 inertium
577 2198 612 2260 et
632 2188 925 2274 malevolentium,
955 2208 1059 2281 quam
1082 2189 1219 2260 favores
1241 2208 1382 2282 prome-

398 2311 520 2382 ruisse.
544 2312 587 2382 Et
604 2311 640 2381 ni
658 2311 862 2382 intemerata
885 2310 1107 2382 couscientia
1131 2309 1323 2403 integritas,
1346 2319 1382 2381 et

398 2443 536 2528 sperata
564 2434 656 2505 salus
682 2433 815 2506 Russiae
845 2434 879 2504 in
909 2433 1021 2528 patria
1050 2455 1130 2505 eum
1159 2432 1376 2519 detinuisset,

399 2556 567 2628 malorum
592 2566 791 2650 pertaesum,
816 2554 860 2627 ad
885 2575 965 2626 eum
990 2556 1101 2649 ipsum
1126 2565 1161 2625 et
1185 2576 1282 2626 sacra
1309 2556 1382 2627 loca

399 2688 631 2749 remeaturum
646 2679 761 2751 luisse.
779 2676 929 2772 Regredi
947 2676 1170 2749 nihilominus
1187 2676 1323 2763 litteris,
1346 2689 1381 2749 ut

399 2810 577 2872 oneratam
595 2801 762 2873 allevaret
776 2799 850 2890 ejus
866 2799 1028 2871 animam.

448 2925 598 2997 Patriam
610 2945 708 2995 suam
721 2944 796 2994 esse
812 2943 980 2995 amusam.
998 2924 1078 2995 lllos
1092 2924 1127 2994 iu
1140 2944 1182 2995 ea
1193 2923 1379 3010 doctiores

399 3046 459 3140 qui
478 3045 565 3117 nihil
583 3046 702 3117 sciant.
722 3046 794 3116 Neo
816 3046 887 3138 pati
909 3046 1006 3117 alios.
1027 3046 1142 3139 Atque
1165 3046 1199 3116 in
1224 3067 1266 3118 eo
1291 3046 1378 3141 ipso,

399 3169 493 3264 qnod
504 3170 594 3241 scire
607 3191 645 3241 se
658 3181 792 3263 putant,
807 3170 978 3241 neminem
992 3192 1071 3241 cum
1080 3170 1147 3242 alio
1156 3170 1376 3242 concordem.

399 3293 628 3365 Nihilominus
647 3292 763 3364 dicere
778 3314 816 3363 sa
832 3291 1013 3364 unanimes
1030 3292 1064 3362 in
1082 3293 1185 3365 domo
1203 3294 1278 3379 Dei,
1302 3317 1381 3365 cum

399 3416 468 3487 sint
488 3416 632 3501 contusi,
661 3425 698 3486 ut
719 3416 825 3486 turris
841 3415 946 3485 Babel
969 3414 1213 3488 aedilicatores.
1238 3415 1380 3487 Causam

399 3538 429 3608 si
441 3548 627 3631 quaereret‚
643 3559 719 3609 esse
733 3538 1039 3632 praesumptionem
1052 3538 1097 3610 de
1110 3538 1267 3622 scientia,
1277 3560 1381 3631 quam

400 3660 530 3731 nullam
544 3660 723 3732 haberent.
747 3660 802 3729 Ex
819 3680 860 3730 ea
877 3668 1076 3753 prognatam
1094 3659 1203 3731 divini
1218 3658 1320 3730 verbi
1341 3661 1386 3731 la·

401 3783 685 3870 mem,mentium
698 3783 1388 3870 confusionem,oredentiumdiminutio-

399 3927 491 3977 nem.
514 3906 600 3977 Hinc
615 3928 653 3978 se
669 3904 714 3978 ad
728 3927 807 3978 eum
825 3917 895 3978 tam
912 3906 1145 3979 arduumiter
1161 3910 1356 4004 suscepisse
1376 3934 1382 3977 :

400 4038 435 4097 et
461 4040 538 4121 post
562 4029 670 4101 multa
694 4030 739 4102 de
769 4030 937 4102 Gennadii
961 4030 1143 4115 Scholarii,
1176 4031 1388 4124 patriarchae

400 4148 788 4245 constantinopolitani,
805 4154 941 4248 scriptis
960 4153 1129 4225 adversus
1143 4153 1297 4248 quinque
1310 4153 1388 4226 dis-

400 4273 576 4348 sensiones
613 4299 690 4347 cum
722 4279 872 4364 Latinis,
907 4278 1106 4371 Meletiique
1137 4277 1386 4361 Alexandrini,

402 4411 519 4492 postea
549 4398 928 4497 Constantinopolitani,
957 4402 1054 4475 libris
1082 4402 1125 4473 de
1152 4402 1387 4495 dogmatibus,
