4100 6009
831 931 1014 996 -139-

434 1140 588 1213 medium
603 1141 879 1231 tumultuantium
898 1141 1055 1236 prosilire
1072 1165 1171 1236 puer,
1185 1142 1408 1238 respondere,

432 1263 526 1336 dicta
538 1264 661 1348 lateri;
681 1262 742 1335 sed
759 1264 972 1358 rogantibus,
996 1262 1086 1335 uude
1108 1265 1174 1336 sibi
1192 1264 1227 1337 id
1238 1266 1408 1351 uenisset,

432 1386 576 1457 nescire.
594 1387 770 1481 lnquirerc
786 1386 925 1459 taudem
937 1386 1008 1472 alii,
1026 1388 1123 1477 cujus
1134 1393 1249 1460 esset?
1278 1399 1316 1458 ot
1341 1409 1412 1461 ex-

433 1508 626 1602 pallescens
641 1510 755 1580 rctulit
767 1507 1062 1603 metropolitanus,
1073 1529 1148 1580 esse
1160 1530 1272 1580 sunm.
1290 1507 1413 1580 Conta-

434 1630 542 1704 huere
561 1643 630 1702 tum
649 1652 768 1703 omnes
786 1642 822 1702 et
841 1631 937 1724 quasi
956 1630 1135 1702 exanimes
1158 1631 1367 1703 conticuere.
1388 1660 1407 1694 u

433 1754 565 1840 Quibus
580 1754 783 1848 superaddit
806 1754 961 1826 Meletius
987 1781 994 1824 :
1019 1755 1142 1834 allece
1156 1755 1261 1848 igitur
1275 1753 1412 1826 habetis

432 1877 604 1973 prodigia,
623 1877 761 1949 habetis
773 1877 952 1963 miracula,
981 1875 1117 1950 habetis
1134 1878 1323 1964 Danielem,
1341 1899 1413 1950 ex-

434 2014 610 2074 cusantem
627 2000 844 2072 innocentem
861 2000 1064 2070 Susannam.
1082 2028 1097 2065 u

483 2124 621 2197 Enotuit
633 2124 905 2208 iutereaRomae,
922 2122 1096 2217 quomodo
1111 2122 1269 2195 Meletius
1282 2122 1317 2192 in
1331 2122 1411 2194 Kio-

433 2246 545 2320 vicnsi
560 2246 787 2319 conciliabulo
810 2246 921 2317 timori
946 2246 1178 2318 succubuerit.
1202 2246 1245 2315 Et
1271 2244 1413 2317 solando

434 2366 1155 2465 ipsi,sacrapropugandaelideipraesidcns
1168 2367 1409 2460 Congregntio,

435 2492 596 2587 quaednm
614 2493 782 2588 perscribi
799 2491 945 2563 curauit.

483 2615 652 2686 Caeterum
667 2635 728 2686 sua
740 2615 830 2686 inter
844 2612 983 2685 decreto
996 2613 1184 2687 annil629
1197 2612 1256 2686 dic
1274 2613 1295 2682 8
1315 2612 1406 2696 Maii,

434 2737 501 2811 hoc
520 2748 779 2810 monumentum
805 2738 967 2832 reliquit:
988 2734 1089 2809 Suara
1116 2735 1326 2834 Conprepctio
1355 2735 1413 2806 lu-

434 2881 538 2930 mauae
552 2856 731 2953 [rupilitatr'
743 2859 945 2954 compatiens,
959 2857 1002 2930 nt
1014 2857 1195 2954 coemptum
1207 2857 1311 2929 sancti
1325 2855 1416 2928 Petri

435 2980 614 3078 apostoliet
629 2982 734 3054 suncti
763 2981 956 3067 Marcellini,
976 3007 1071 3078 papa
1097 2996 1129 3053 ct
1152 2980 1323 3079 martyris,
1340 2979 1417 3055 aui.-

435 3131 525 3177 mum
555 3120 754 3190 oenomaus,
785 3130 873 3202 spem
908 3129 1061 3202 mapsam
1090 3106 1240 3202 concepit,
1271 3103 1416 3175 eumdan

435 3227 602 3299 Meletium
626 3227 783 3318 optimum
801 3226 942 3324 Muaeps
968 3225 1037 3320 sore
1063 3227 1269 3309 catholicum,
1301 3239 1332 3298 et
1349 3251 1413 3322 pro

437 3365 547 3422 sauata
561 3350 675 3422 uriom
685 3348 899 3449 propaganda
925 3363 1051 3420 strenua
1062 3346 1293 3420 laboraturum.
1314 3351 1414 3421 Proin

437 3472 568 3566 etipse
593 3483 775 3568 postquam
792 3473 886 3544 hisce
907 3492 1040 3543 summe
1064 3472 1258 3542 consolatus
1283 3471 1414 3555 luisset,

438 3615 572 3668 memor
587 3595 777 3689 Dominicae
793 3595 905 3688 magis
915 3614 1020 3688 quam
1042 3614 1119 3664 suae
1145 3592 1295 3683 injuriae,
1326 3613 1418 3662 anno

438 3696 707 3813 elapso‘llioviae
723 3719 840 3804 illatae,
862 3719 897 3788 in
917 3715 953 3788 id
972 3715 1134 3787 omnibus
1158 3713 1313 3786 incubuit
1330 3715 1418 3786 viri-

439 3842 531 3927 bus,
566 3850 604 3912 ut
626 3841 833 3913 schismatici
855 3849 1006 3911 sanctam
1034 3859 1210 3909 romanam
1238 3838 1441 3910 ecclesiam

440 3964 615 4036 baerasum
642 3974 827 4057 arguentes
846 3972 882 4033 et
907 3961 1069 4055 populum
1097 3960 1288 4054 simplicem
1317 3959 1419 4032 sedu-

442 4100 576 4173 centes,
592 4087 628 4156 in
645 4085 777 4180 synodo
802 4085 967 4156 rationem
994 4105 1068 4154 sure
1090 4080 1204 4155 daturi
1228 4081 1309 4154 fidei
1323 4105 1422 4156 com-

445 4221 620 4303 parerent.

492 4334 560 4404 Res
576 4355 618 4404 ca
637 4353 697 4426 per
722 4331 845 4403 ducem
862 4331 906 4402 ab
921 4332 1046 4422 Ostrog
1062 4329 1305 4416 Zaslavscium,
1330 4329 1422 4422 pala-
