4100 6009
756 939 941 1004 -ΗΒ-

354 1151 509 1226 sionibus
525 1152 761 1246 perfrequens,
781 1161 816 1221 et
834 1151 868 1222 in
886 1150 1006 1222 funere
1019 1151 1235 1226 ecclesiastes
1246 1153 1333 1227 Kor-
1426 1193 1430 1198 ·

355 1273 484 1360 tiscius,
502 1294 583 1346 enm
614 1273 799 1346 Hieremiae
820 1272 1013 1367 equiparat
1045 1273 1239 1368 propbeta,
1254 1297 1333 1348 cum

354 1395 439 1468 dicit
459 1393 544 1466 :Hic
558 1407 603 1465 cst
624 1393 770 1491 fratrum
788 1405 913 1464 emmor
928 1406 959 1464 ct
981 1391 1097 1491 populi
1117 1392 1245 1467 rationi
1260 1422 1269 1464 :
1284 1395 1335 1468 bic

355 1515 475 1615 estqui
492 1515 631 1588 multam
654 1529 727 1589 orot
751 1541 815 1614 pro
831 1514 961 1614 populo.
987 1515 1085 1590 Uude
1101 1519 1206 1591 etiam
1222 1541 1242 1592 a
1259 1523 1337 1616 pri-

355 1640 489 1716 mordio
517 1661 591 1714 suae
613 1639 659 1713 ad
689 1651 835 1713 matrem
862 1641 1044 1714 aeclesiam
1077 1662 1125 1714 ex
1154 1644 1258 1716 Saulo
1296 1646 1332 1716 in

357 1762 497 1834 Paulum
512 1764 762 1849 conversionis,
778 1763 877 1858 quasi
890 1762 1076 1835 anathema
1089 1762 1166 1836 fieri
1183 1786 1247 1860 pro
1262 1767 1333 1838 tra.

356 1884 468 1958 tribus
500 1909 581 1961 cum
610 1887 732 1961 divino
758 1886 954 1983 peroptavit
985 1887 1140 1979 apostolo
1168 1889 1336 1982 :quando

356 2009 463 2082 tatere
480 2012 656 2096 intereos,
678 2011 707 2084 si
723 2010 825 2084 sedes
850 2009 1060 2106 permisisset
1080 2013 1278 2104 apostolica,
1294 2023 1334 2086 ut

356 2132 590 2208 schismaticus
605 2136 714 2207 voluit
730 2163 738 2206 :
753 2135 813 2229 qui
831 2155 891 2206 eos
902 2133 939 2202 iu
958 2153 1094 2204 nassam
1108 2134 1334 2231 leniuspelli-
1378 2145 1384 2179 ¹

355 2265 449 2328 cerat
476 2257 644 2329 ecclesiae.
674 2255 776 2348 Cujus
812 2256 862 2328 rei
886 2255 1004 2327 nobile
1033 2265 1275 2350 argumentum
1298 2257 1334 2328 in

357 2380 493 2474 scriptis
508 2379 584 2472 ejus
599 2379 692 2452 idern
710 2380 840 2475 reperit
861 2379 1064 2452 Kortiscius.
1081 2381 1169 2452 Nam
1182 2380 1337 2453 rationes

358 2501 485 2573 latendi
501 2502 715 2589 describens,
731 2502 797 2576 hoc
823 2501 1004 2597 adscripsit
1028 2521 1186 2574 acroama
1206 2523 1214 2567 τ
1232 2499 1336 2595 [mom

355 2617 495 2714 smmum
504 2626 694 2721 pecmtoris,
712 2626 782 2696 sine
794 2637 931 2724 peccato.

407 2749 545 2844 integro
563 2773 648 2824 vero
662 2773 735 2824 suae
754 2727 992 2823 conversionis
1008 2750 1218 2845 septenario,
1242 2749 1337 2824 domu

358 2883 393 2942 et
407 2872 502 2957 foris,
521 2875 682 2948 continuo
704 2875 837 2961 labore,
860 2875 1033 2969 planeque
1053 2873 1157 2945 nullis
1171 2885 1337 2969 perrupto

359 2995 549 3068 intervallis
560 2995 792 3069 distinebatur
806 3021 814 3082 ;
829 2995 878 3068 ita
895 3005 931 3068 ut
944 2997 1050 3068 etiam
1066 2995 1144 3067 cibo
1170 2995 1263 3096 vires
1281 3019 1337 3070 re·

358 3119 510 3190 sarciens
538 3119 739 3204 debiliores,
760 3129 795 3189 et
818 3118 1022 3211 gravissimo
1045 3118 1187 3190 affectus
1198 3119 1333 3207 morbo,

357 3259 438 3331 quae
465 3261 538 3311 suae
575 3241 695 3314 salutis
722 3250 757 3313 et
787 3241 919 3313 Russiae
955 3243 1080 3326 forent,
1111 3239 1336 3313 meditaretur
1465 3263 1471 3275 ’

358 3360 537 3451 scriberet,
566 3363 785 3436 edissereret.
816 3365 858 3435 Et
886 3385 965 3436 cum
982 3364 1078 3435 illum
1097 3363 1163 3435 sub
1180 3362 1336 3435 ultimam

358 3482 817 3580 potissimumaegritudinem
826 3485 1336 3572 moneretKortisoius,eosane

360 3605 518 3702 improbo
534 3608 652 3682 labore
668 3610 775 3682 vitam
793 3609 1068 3695 diminuendam,
1087 3628 1249 3681 assensus
1260 3606 1338 3701 qui·

359 3731 437 3804 dem
463 3733 607 3820 dicenti,
630 3733 693 3806 sed
713 3734 869 3807 consumi
883 3733 989 3806 satius
1011 3732 1144 3818 maluit,
1164 3750 1268 3825 quam
1287 3730 1342 3800 la·

359 3853 478 3930 boram
492 3878 561 3929 non
585 3879 723 3932 sumere
740 3868 776 3931 et
795 3860 831 3930 in
845 3858 954 3934 otium
973 3858 1202 3952 degenerare.
1223 3855 1342 3928 Labo-

359 3977 552 4076 riosiusque
576 3981 643 4053 sibi
666 3982 799 4054 censuit
813 3983 907 4054 omni
935 3983 1056 4054 labore
1069 3999 1208 4065 vacare,
1238 3999 1341 4074 quam

360 4102 533 4176 laborare.

407 4223 438 4294 Α
461 4245 532 4318 quo
558 4227 760 4320 religiosum
777 4227 952 4316 induerat,
972 4227 1076 4299 otiam
1093 4225 1128 4296 in
1143 4223 1342 4309 schismata,

358 4349 461 4440 longe
476 4351 624 4423 austeris
640 4372 737 4424 suam
757 4351 905 4424 frenavit
921 4372 1061 4424 carnem
1081 4346 1238 4440 jejuniis;
1265 4346 1346 4439 qui-
