4100 6009
787 911 954 975 ..35-

381 1108 716 1204 agitare,plusquam
735 1110 902 1181 absonum
920 1108 994 1179 luit.
1012 1108 1359 1189 lmmonechomines

380 1230 426 1303 ad
442 1230 521 1301 talia
534 1230 677 1302 idoneos
696 1231 892 1325 comperiri.
912 1230 1145 1302 Patriarcbam
1160 1233 1361 1330 Hierosoly-

380 1352 676 1448 mitanumSyriae,
688 1354 840 1440 Arabiae,
852 1328 1023 1426 terrarum
1050 1364 1143 1427 trans
1155 1357 1354 1445 Iordanem,

380 1472 482 1544 Canae
494 1474 645 1561 Galileae,
662 1476 784 1563 Sionis,
807 1477 981 1569 totiusque
1000 1477 1194 1549 Palaestinae
1221 1478 1360 1551 titulum

381 1598 447 1670 sibi
460 1600 654 1694 praefigere.
675 1602 718 1672 Et
735 1601 770 1670 in
785 1610 965 1681 mutatam
982 1623 1187 1693 magnarum
1203 1605 1360 1698 amplitu-

379 1720 461 1794 dine
491 1724 761 1819 provinciarum,
795 1726 857 1796 vix
879 1725 995 1817 aliqua
1023 1746 1128 1820 supra
1158 1726 1233 1827 tria
1252 1728 1359 1799 millia

381 1844 658 1932 christianorum,
692 1847 793 1919 ovilis
815 1847 869 1919 sui
899 1847 1024 1942 capita,
1042 1868 1204 1934 censere,
1237 1857 1272 1918 et
1301 1850 1359 1922 illa

382 1975 487 2039 terrae
513 1991 581 2041 non
610 1970 687 2042 caeli
720 1969 911 2043 commodis
937 1970 1094 2041 inhiaret
1126 1970 1356 2044 Patriarcham

381 2087 671 2179 Alexandrinum,
689 2114 752 2187 per
776 2093 935 2188 Lybiam,
963 2094 1189 2189 Pentapolim,
1209 2093 1358 2169 Aethio-

381 2218 486 2311 piam,
506 2225 681 2311 totamque
711 2215 923 2311 Aegyptum,
944 2237 1071 2288 vanam
1087 2215 1176 2287 tituli
1194 2219 1247 2289 sui
1259 2230 1359 2313 pote-

381 2347 502 2411 statem
512 2339 710 2413 distendere
723 2364 730 2405 :
741 2340 817 2441 etin
831 2350 900 2411 tota
913 2360 978 2411 sua
989 2339 1163 2411 ludiarum
1177 2352 1212 2412 et
1221 2341 1359 2417 Aethio

380 2486 464 2557 pum
490 2465 649 2557 regiones
666 2486 706 2536 ac
723 2463 875 2535 dominia
907 2462 1107 2536 includente
1135 2464 1355 2556 patriarchia,

382 2606 450 2656 non
467 2585 635 2658 duntaxat
665 2586 976 2682 archiepiscopum,
996 2585 1210 2680 episcopum,
1233 2585 1294 2658 sed
1314 2610 1358 2659 ne

382 2731 487 2779 unum
503 2710 691 2804 paroohnm
724 2708 924 2804 possidere!
953 2709 1120 2780 Universa
1147 2710 1249 2782 nimis
1278 2711 1356 2783 lau-

380 2839 470 2901 stum
478 2854 520 2905 an
532 2833 717 2906 infaustum
726 2833 952 2905 lllahometem
961 2831 1172 2927 absorpsisse
1185 2839 1192 2903 l
1205 2834 1358 2928 Quaeque

382 2952 425 3023 ab
442 2954 548 3050 ipsius
573 2956 729 3027 lancibus
751 2965 972 3050 superessent
996 2953 1259 3027 christianitatis
1276 2958 1359 3027 reli-

381 3077 483 3169 quiae,
499 3100 558 3149 eas
581 3078 782 3152 maledictos
798 3077 1044 3151 haeresiarchas
1056 3079 1306 3173 Euthychetem
1324 3090 1359 3151 et

382 3196 579 3270 dioscorum
596 3222 674 3272 cum
691 3223 753 3272 suo
765 3200 935 3294 discipulo
958 3200 1086 3271 lacobo
1098 3199 1354 3291 abligurivisse.

382 3318 510 3392 ludicia
527 3322 583 3393 vel
596 3323 678 3395 hine
690 3322 807 3394 divina
823 3322 1063 3393 inhorrescere
1077 3323 1223 3411 licuerit,
1243 3322 1359 3415 puris-

382 3442 503 3514 simum
516 3444 776 3525 ¹christianitatis
805 3442 926 3515 nidum
942 3445 1071 3514 factum
1103 3443 1359 3537 spurcissimum

383 3568 495 3640 cubile
510 3569 699 3641 draconum
716 3574 722 3638 l
744 3568 795 3639 Ac
811 3567 972 3640 demonia
987 3568 1062 3639 istic
1075 3587 1257 3639 occurrere
1276 3588 1361 3637 ono-

383 3695 569 3781 centauris,
584 3695 800 3790 pilosumque
814 3693 962 3765 clamare
976 3692 1123 3763 alterum
1137 3690 1180 3762 ad
1193 3691 1358 3780 alterum:

382 3814 442 3884 ubi
469 3815 506 3885 in
532 3836 637 3887 carne
664 3817 816 3887 humana
839 3813 965 3906 angeli,
996 3835 1059 3906 per
1088 3809 1259 3905 profunda
1289 3811 1359 3883 illie

382 3949 504 4035 tesqua
529 3941 698 4035 dissipati,
730 3940 807 4011 suis
831 3940 935 4010 caelos
961 3936 1185 4009 concentibus
1205 3937 1360 4009 aemulati
1397 3968 1398 3971 ¹

382 4070 484 4135 sunit
509 4064 630 4158 ltaque
653 4084 767 4156 neque
793 4061 851 4133 hic
876 4059 1115 4132 desideratum·
1141 4059 1362 4129 Smetriscius

381 4184 561 4281 inveniens
588 4184 769 4269 Ananiam,
802 4184 925 4254 iterum
957 4180 1282 4275 Constantinopolim
1303 4200 1358 4250 re-

378 4308 527 4396 meavit3
559 4309 621 4383 sed
643 4307 724 4403 quia
739 4308 902 4403 pestifero
932 4307 1095 4378 inlectam
1123 4317 1219 4391 aare,
1247 4325 1362 4398 neque
