4100 6009
1096 940 1280 1003 -176-

630 1181 632 1186 .
692 1145 803 1228 puerile
816 1145 981 1224 ludibrium,
998 1155 1033 1208 ut
1048 1145 1127 1228 quod
1143 1145 1230 1208 hodie
1255 1146 1376 1210 alterum
1398 1147 1537 1224 extraxit,
1557 1146 1678 1212 alterum

694 1273 758 1317 cras
775 1253 926 1332 destruat,
940 1253 981 1315 uti
997 1271 1071 1338 pene
1087 1271 1162 1315 nuno
1176 1253 1255 1336 apud
1267 1271 1320 1316 nos
1331 1255 1379 1337 agi
1391 1255 1514 1320 videtur.

735 1357 843 1438 Hahes,
857 1359 943 1426 Pater
967 1358 1163 1437 sanctissime,
1185 1358 1277 1423 lilium
1296 1360 1388 1424 Tuum
1403 1360 1433 1422 iu
1448 1359 1571 1427 Domino
1590 1361 1681 1428 dilee-

693 1477 765 1542 tum,
774 1467 984 1530 serenissimum
997 1482 1094 1549 regem
1105 1477 1231 1528 nostmm
1245 1465 1341 1550 (quem
1348 1464 1486 1530 Dominus
1497 1466 1573 1532 heus
1583 1477 1684 1531 seruet·

695 1569 777 1634 uehis
792 1572 1022 1652 salvum,saoum
1032 1572 1238 1637 etincolumem
1250 1573 1279 1636 iu
1291 1573 1397 1638 multos
1407 1575 1520 1657 anuos),
1530 1573 1678 1638 brachium

694 1678 839 1758 saeculare,
857 1681 885 1743 in
901 1680 1071 1764 exequendo
1085 1680 1140 1744 hoc
1155 1679 1275 1745 salutari
1297 1698 1413 1746 munere
1435 1682 1674 1746 ferventissimum

695 1798 724 1851 et
737 1785 1002 1872 vigilantissimum:
1022 1786 1104 1869 cujus
1118 1786 1147 1850 iu
1165 1788 1315 1852 retinenda
1326 1800 1355 1852 ot
1364 1789 1561 1873 promovenda
1574 1801 1677 1855 sancta

694 1895 800 1959 unione
814 1894 924 1958 candor
934 1893 1067 1958 omnihus
1078 1894 1230 1960 catholicis
1240 1895 1325 1960 simul
1332 1907 1362 1960 et
1369 1895 1560 1963 schismaticis
1570 1883 1677 1983 optime

697 1999 832 2066 innotuit.

739 2104 836 2173 liabeo
850 2120 880 2172 et
893 2108 1042 2173 brachium
1064 2107 1158 2172 Tuum
1177 2109 1340 2195 spirituale,
1365 2108 1401 2173 ad
1426 2108 1588 2173 obeundam
1602 2108 1678 2172 hauc

697 2216 874 2302 provinciam
889 2235 946 2280 non
972 2215 1066 2278 miuus
1090 2215 1235 2295 idoneum,
1252 2215 1467 2281 illustrissimos
1481 2228 1510 2282 et
1531 2215 1679 2280 lloveren·

697 2325 829 2388 dissimos
841 2324 1074 2410 archiepiscopos
1088 2335 1117 2388 et
1135 2325 1299 2408 episcopos,
1328 2324 1413 2409 regni·
1433 2325 1520 2407 hujus
1530 2335 1679 2389 senatores

696 2431 864 2513 primari0e3
879 2432 996 2516 iusuper
1016 2441 1046 2495 et
1060 2424 1290 2495 Illustrissimum
1311 2451 1346 2496 ac
1366 2430 1681 2496 llorereurlissimuma'

697 2534 788 2599 latere
799 2535 863 2600 Tuo
876 2519 1016 2602 nuntium.

737 2642 816 2721 Quid
839 2645 896 2727 iam
918 2645 1123 2710 desideratur?
1150 2646 1214 2711 lluo
1236 2648 1316 2711 hac:
1342 2664 1439 2725 unum,
1456 2646 1481 2709 si
1496 2663 1534 2710 ex
1550 2645 1680 2709 commis·

697 2750 778 2814 sione
789 2761 819 2814 et
829 2750 964 2815 mandato
973 2749 1085 2815 hraohii
1097 2752 1255 2837 spiritualis
1265 2752 1431 2816 sacerdotes
1441 2763 1501 2815 tum
1515 2751 1677 2828 osculares,

695 2871 756 2920 tum
772 2856 930 2938 regulares,
943 2857 993 2940 qui
1008 2877 1060 2941 per
1075 2856 1206 2943 singulas
1222 2858 1333 2923 llossiat
1346 2859 1522 2944 provincias,
1539 2861 1680 2945 parrocias

697 2973 857 3026 conventus
871 2975 901 3027 et
918 2963 1044 3047 collegia
1058 2963 1176 3045 hahent,
1193 2964 1338 3049 praecipue
1358 2982 1427 3028 vern
1442 2964 1598 3031 Societatis
1611 2965 1681 3030 lesu

698 3081 810 3152 patres:
826 3071 862 3149 si,
879 3070 1008 3154 inquam,
1021 3070 1051 3134 hi
1069 3072 1179 3136 dictum
1194 3070 1287 3135 Tuum
1303 3072 1358 3135 hoe
1371 3092 1457 3136 nuum
1468 3069 1537 3137 Fiat
1549 3073 1587 3136 ad
1598 3093 1682 3137 exse-

697 3178 843 3262 quendum
855 3178 980 3242 iideliter
994 3179 1185 3261 susceperint,
1198 3179 1309 3242 dictum
1323 3180 1374 3244 fiet
1384 3178 1463 3243 illico
1479 3180 1585 3243 lactum
1599 3202 1606 3242 :
1623 3181 1681 3244 hac

699 3285 820 3349 ratione.
838 3282 1035 3350 Demanrletur
1048 3285 1102 3350 suh
1125 3285 1305 3349 conscientia
1318 3297 1426 3350 sancta
1440 3285 1613 3350 obedientiae
1625 3287 1684 3349 sin·

698 3393 774 3477 gulis
787 3393 839 3478 qui
852 3405 920 3458 suut
934 3412 951 3457 a
965 3393 1154 3473 confessione,
1172 3394 1314 3458 neminem
1328 3393 1447 3459 istorum
1458 3394 1621 3474 absolvant,
1631 3407 1683 3458 aut

697 3502 736 3566 ad
759 3519 798 3564 ss.
819 3499 922 3565 altaris
936 3501 1108 3566 sacramenti
1123 3501 1351 3566 communionem
1375 3501 1540 3580 admittant,
1565 3502 1613 3585 qui
1636 3501 1683 3565 rel

697 3605 798 3683 verbo,
814 3605 861 3670 vel
875 3625 962 3689 opere
975 3607 1110 3678 unionem
1133 3607 1280 3692 opprimit,
1297 3607 1423 3671 schisma
1436 3622 1505 3670 vero
1521 3618 1680 3689 promovet.

697 3710 807 3790 Quales
821 3725 888 3778 sunt
899 3713 945 3776 isti
961 3713 1207 3778 schismaticorum
1223 3714 1400 3779 intrusorum
1416 3713 1541 3778 ultrauei
1556 3715 1681 3798 patroni,

701 3821 868 3900 urrtritores,
885 3823 1063 3901 defensores,
1081 3841 1115 3887 ac
1134 3823 1257 3908 proinde
1278 3823 1441 3887 schismatis
1463 3822 1608 3890 maledicti
1622 3825 1686 3887 lau-

697 3940 787 4008 tores,
804 3940 834 3994 et
847 3941 986 4014 quantum
1000 3930 1029 3994 in
1050 3930 1108 3994 illis
1122 3942 1177 4009 est,
1195 3943 1385 4016 promotores.
1404 3929 1456 3994 leti
1471 3931 1545 3995 euim
1561 3931 1617 3994 hoc
1630 3951 1685 3994 suo

700 4034 835 4099 auxiliari
847 4036 989 4101 malelioio
1003 4038 1232 4105 ecelesiasticam
1247 4058 1399 4103 censuram
1414 4050 1614 4122 promerentur
1627 4059 1684 4102 uon

702 4141 805 4218 miuus,
822 4158 906 4224 quam
917 4142 967 4207 isti
980 4144 1034 4228 ipsi
1051 4145 1212 4228 iniquitatis
1223 4146 1307 4228 hujus
1317 4145 1452 4229 operarii.
1467 4143 1602 4227 Insuper,
1620 4161 1686 4226 poe-

703 4245 862 4311 uitentialis
875 4249 1082 4315 satisfactionis
1097 4252 1172 4326 loco,
1189 4252 1320 4315 omnihus
1338 4251 1445 4317 talibus
1459 4251 1637 4334 injungatur,
1654 4263 1686 4314 ut

703 4352 827 4418 schisma
841 4357 1016 4440 opprimant,
1037 4357 1169 4423 unionem
1184 4378 1255 4423 vero
1270 4371 1472 4443 promoveaut;
1486 4358 1687 4423 schismaticos
