4100 6009
772 963 955 1028 -llll-

373 1171 497 1234 statum
512 1160 710 1254 religiosum
724 1159 917 1251 juventute,
935 1161 969 1230 in
990 1161 1078 1240 aulis
1093 1165 1244 1252 maxime
1256 1165 1352 1258 prin-

374 1285 502 1380 cipum,
522 1285 572 1357 sio
587 1285 623 1356 in
636 1305 678 1356 eo
704 1283 870 1378 usquead
896 1295 1223 1370 summamaetatem
1239 1295 1275 1358 et
1290 1309 1352 1358 ex-

374 1419 521 1482 tremum
537 1408 624 1482 lucis
639 1407 757 1480 vitalis
782 1407 887 1494 diem,
904 1407 1051 1481 illaesum
1068 1411 1219 1483 servavit
1236 1412 1353 1507 pudo-

374 1551 461 1617 rem,
478 1528 586 1624 signis
601 1529 771 1624 virgineae
787 1529 998 1602 castimoniae
1019 1530 1056 1600 in
1066 1552 1212 1626 corpore
1229 1541 1354 1628 etpost

374 1652 729 1736 latarflorescentibus.
754 1653 798 1725 Et
811 1663 927 1725 tamen
940 1652 1060 1741 inhoc
1079 1631 1353 1749 praecellentium

374 1775 541 1849 virtutum
561 1796 665 1848 cursu
694 1776 934 1848 submissionis
949 1776 1232 1864 nouimmemor,
1254 1777 1354 1854 dese

374 1901 490 1990 vilius,
508 1921 612 1995 quam
628 1901 774 1996 quisque
803 1899 989 1973 vilissimus
1020 1901 1167 1973 censuit.
1201 1904 1354 2001 Eamque

375 2045 411 2094 m
424 2022 519 2095 uictu
530 2032 566 2094 et
577 2021 716 2107 amictu,
727 2021 846 2093 verbis
858 2020 1038 2114 lactisque,
1053 2043 1124 2093 non
1135 2023 1354 2118 interpellato

374 2141 420 2215 ab
434 2165 479 2218 so
491 2155 665 2217 seruatam
680 2155 813 2230 tenore,
828 2143 916 2215 nihil
929 2143 1064 2218 certius
1073 2154 1138 2216 est.
1156 2145 1229 2217 Nec
1245 2146 1354 2219 dubi-

373 2266 680 2362 tavitseipsum,nt
693 2267 795 2340 altius
808 2265 1351 2363 memoravimus‚blaspbemum,

374 2390 534 2463 ecclesiae
560 2398 836 2505 persecutorem,
872 2389 1156 2462 contumeliosum
1188 2391 1351 2480 Saulum,

375 2515 499 2586 Paulus
508 2513 586 2600 iste,
607 2535 686 2585 cum
703 2512 763 2584 illo
776 2512 932 2605 gentium
948 2510 1104 2598 doctore,
1122 2512 1298 2602 vocitare;
1317 2526 1353 2587 et

375 2654 494 2706 eoram
508 2643 579 2707 tota
587 2657 702 2707 rerum
711 2633 935 2706 universitate
948 2652 1098 2718 errores,
1110 2632 1352 2729 blasphemias,

373 2755 527 2828 haereses
558 2777 650 2838 suas,
683 2755 858 2851 impressis
876 2753 1034 2828 confiteri
1062 2754 1174 2841 libris,
1203 2756 1354 2849 ingenue

376 2899 542 2951 revocare
572 2881 717 2954 omnmo.
745 2880 871 2952 Fuerat
894 2879 1038 2975 saepius,
1056 2888 1103 2968 ut¹
1118 2878 1247 2951 amoris
1275 2900 1354 2951 cum

375 3006 544 3100 suspiriis,
559 3003 724 3078 uberibus
744 3025 822 3077 cum
848 3002 1010 3090 lacrimis,
1043 3002 1279 3099 compluribus
1298 3003 1354 3074 in-

376 3129 540 3202 clamaret
565 3124 836 3200 auscultantibus
856 3151 864 3197 :
885 3121 916 3196 0
941 3149 990 3194 me
1008 3122 1234 3195 misdictum!
1256 3125 1354 3220 Orac

375 3249 589 3322 coronandum
611 3248 674 3322 Dei
695 3263 725 3320 et
747 3246 881 3320 ecclesus
893 3252 1143 3344 persecutorem!
1158 3247 1231 3318 Tali
1249 3248 1354 3320 nimi-

376 3396 453 3446 rum
469 3375 529 3446 ille
544 3374 683 3446 lavacro
697 3393 778 3445 suas
802 3370 1014 3444 emundabat
1041 3370 1218 3442 humiliter
1236 3391 1353 3443 macu-

376 3498 441 3583 las,
458 3495 628 3588 eJusmodi
652 3496 723 3569 oris
741 3494 955 3568 confessione
979 3514 1077 3566 suam
1101 3491 1355 3588 protestabatur

375 3617 630 3692 demissionem.
658 3619 702 3690 Et
729 3639 809 3691 cum
839 3619 1039 3712 frequenter
1054 3614 1236 3687 albertum
1260 3614 1354 3687 Kor-

376 3742 513 3814 tlscium
528 3741 606 3814 Soc.
617 3741 697 3814 lesu
712 3740 757 3814 ad
766 3748 938 3814 secretum
950 3737 1165 3834 depurandae
1177 3738 1356 3831 negotium

377 3863 639 3938 conscientiaea
668 3862 778 3937 tribus
809 3863 929 3949 leucis,
962 3883 1008 3933 ex
1036 3860 1246 3958 Ostrogieusi
1274 3861 1356 3933 Der-

376 3984 527 4058 manium
541 3987 671 4059 acciret
685 3985 845 4080 collegio,
864 3993 986 4058 exacta
1001 3983 1083 4054 licet
1102 3983 1351 4080 exomologesi,

378 4131 447 4182 non
483 4109 580 4205 prius
613 4109 658 4182 ab
694 4111 769 4206 ipso
807 4107 1011 4194 recedebat,
1047 4128 1152 4202 quam
1183 4104 1354 4179 submisse

377 4251 500 4303 manus
529 4231 618 4323 ejus,
654 4231 860 4306 sententiam
876 4239 1092 4324 exequentes
1114 4229 1302 4316 caelestem,
1317 4237 1355 4302 ut

377 4352 500 4428 Christi
527 4353 663 4430 Domini
691 4353 975 4440 dissuaviarelur,
994 4359 1030 4424 et
1046 4360 1261 4498 renuentenp3
1292 4371 1356 4450 per
