4100 6009
806 906 989 972 -lil-

394 1118 528 1182 noraudc
545 1137 646 1183 manus
664 1118 905 1204 subscriptionem
921 1118 1018 1205 (prout
1033 1120 1130 1183 lorsan
1160 1140 1221 1184 mos
1235 1121 1300 1202 lert)
1319 1141 1375 1184 non

393 1224 601 1303 hahet,nomen
620 1237 713 1290 tamen
724 1223 818 1288 Tuum
828 1226 912 1290 unice
921 1225 987 1288 mihi
997 1228 1184 1292 reverendum
1193 1227 1229 1291 ad
1245 1225 1377 1291 osculan-

394 1325 1376 1418 dunimihienhibet.TumsubmisseTuamSauotitatemrogo,utme

387 1439 505 1503 noviter
531 1439 586 1504 sub
612 1439 675 1504 Tuo
702 1439 771 1502 mihi
797 1439 962 1504 lelicissimo
988 1441 1158 1524 pontificatu
1182 1440 1212 1504 in
1236 1440 1373 1524 gremium

393 1557 499 1610 sancta
524 1549 623 1611 matris
646 1545 776 1611 ecclesio
800 1558 990 1630 aggregatum
1014 1561 1044 1612 et
1068 1558 1217 1632 receptum
1242 1548 1331 1611 hlium
1348 1549 1375 1612 in

393 1649 457 1714 sinn
472 1651 534 1716 Tuo
552 1652 690 1737 pastorali
711 1665 830 1738 paterne
844 1654 943 1717 loveas
967 1664 997 1716 et
1011 1653 1127 1737 diligas,
1150 1667 1180 1718 et
1198 1655 1376 1721 salutaribus

393 1760 507 1824 monitis
519 1759 685 1826 consoleris.
701 1759 854 1845 Deinceps,
868 1760 946 1844 quod
961 1780 1049 1845 supra
1072 1780 1117 1825 me
1134 1781 1198 1825 esso
1209 1762 1282 1842 dixi,
1296 1762 1375 1847 quod

394 1866 504 1932 ratione
515 1866 706 1948 juvandorom
725 1866 880 1930 schismate
899 1867 1075 1930 insolitorum
1087 1868 1206 1932 lratrum
1217 1867 1375 1952 adimplen-

395 1973 460 2038 dum
477 1995 540 2038 esse
560 1975 668 2052 censui,
684 1967 754 2039 Tu'ac
769 1973 935 2053 sanctitati,
951 1975 998 2038 eui
1010 1974 1066 2038 hoc
1080 1973 1126 2037 vel
1139 1974 1263 2038 maxime
1278 1977 1375 2039 inter-

393 2091 451 2158 est,
470 2099 556 2166 quum
572 2080 790 2164 diligentissime
812 2100 952 2164 suggero;
983 2091 1012 2143 et
1033 2079 1180 2144 tarditatis
1201 2100 1235 2143 ac
1259 2079 1376 2146 duritiei

394 2183 539 2248 homiuum
558 2187 676 2258 istorum
694 2187 732 2251 ad
753 2188 903 2252 ineundam
925 2197 1056 2250 sanctam
1071 2187 1206 2249 unionem
1232 2185 1374 2268 (quamvis

394 2292 421 2356 iu
433 2293 580 2358 erroribus
594 2294 654 2357 suis
668 2293 705 2357 ab
730 2293 820 2358 unitis
834 2292 987 2358 catholicis
1004 2293 1063 2375 jam
1080 2291 1130 2355 diu
1144 2292 1292 2357 evidenter
1306 2313 1375 2356 con-

392 2397 461 2461 victi
475 2397 543 2480 sint)
559 2418 675 2462 censam
690 2419 776 2482 quam
791 2398 959 2476 fidelissimo
969 2398 1079 2482 aperio.
1097 2395 1129 2460 ln
1146 2417 1204 2480 qno
1219 2398 1294 2460 enim
1308 2418 1374 2483 pas·

393 2525 442 2568 sus
459 2525 520 2568 sum
534 2505 595 2590 ipse
609 2518 639 2569 et
653 2517 790 2585 tentatus,
802 2517 906 2590 potens
921 2525 982 2570 sum
995 2517 1024 2570 et
1035 2524 1132 2569 eorum
1150 2506 1198 2589 qui
1214 2517 1371 2589 tenuntur,

393 2613 543 2694 passiones
554 2626 583 2678 et
596 2614 772 2678 tentationes
784 2613 976 2680 manilestere.

431 2720 497 2785 Non
509 2721 621 2786 videtur
633 2723 732 2785 mirum
743 2742 817 2802 esse,
836 2720 922 2785 Pater
932 2720 1131 2799 sanctissime,
1148 2719 1226 2804 quod
1237 2740 1307 2804 gens
1318 2722 1375 2786 ista

392 2829 435 2912 lut
447 2841 477 2894 et
490 2828 555 2893 aliae
570 2849 668 2894 omnes
679 2831 716 2894 ah
731 2829 920 2895 occidentalis
942 2828 1072 2894 ecclesis
1094 2828 1200 2890 unione
1222 2828 1330 2892 avulsae
1346 2840 1374 2893 et

392 2933 541 2998 orientalis
551 2935 683 2999 occissis
699 2935 813 2999 nomine
826 2933 979 3018 tumentes)
993 2951 1092 2997 crassa
1105 2952 1198 2996 rerum
1213 2932 1373 2997 divinarum

391 3043 554 3128 ignorantia
570 3057 780 3128 praeoccupata,
800 3045 862 3128 ipsa
880 3063 932 3128 per
945 3062 977 3106 se
992 3061 1045 3106 nec
1061 3061 1145 3104 nosse
1156 3042 1313 3125 quidquam
1328 3044 1375 3108 di·

391 3151 488 3214 virium
504 3151 605 3233 possit,
618 3151 852 3236 ueciutolligere.
865 3151 921 3215 Ubi
931 3131 1006 3214 enim
1017 3147 1179 3212 liberalium
1190 3148 1375 3213 scientiarum

392 3255 465 3321 lucis
491 3275 604 3341 semper
625 3277 757 3330 occasus,
776 3270 805 3322 et
825 3277 970 3340 nunqnam
993 3256 1100 3334 oriens,
1117 3254 1242 3317 tenchrae
1257 3255 1296 3319 ibi
1319 3256 1378 3318 sint

392 3381 539 3426 necessum
554 3373 608 3427 est.
623 3361 763 3426 Tenebris
775 3374 870 3426 autem
888 3370 1047 3444 occupatus
1059 3358 1083 3422 si
1104 3358 1237 3442 palpitet,
1261 3371 1376 3423 nonest

394 3471 505 3535 mirum.
524 3468 584 3532 Nec
606 3469 663 3532 hoo
683 3469 796 3546 mirum,
810 3467 834 3531 si
848 3468 915 3551 quis
938 3469 1003 3531 visu
1026 3467 1157 3549 privatus
1184 3463 1249 3527 lucc
1263 3484 1375 3545 serena,

390 3573 437 3639 uel
451 3575 572 3638 lroutem
601 3573 637 3638 ad
654 3575 779 3658 parietes
804 3572 920 3650 allidat,
947 3571 993 3636 vel
1020 3573 1109 3656 pedes
1128 3589 1198 3633 suos
1211 3570 1249 3634 ad
1262 3568 1376 3653 lapides

391 3681 529 3758 ollendat,
540 3680 682 3764 oaespitct,
693 3683 789 3759 cadat,
807 3693 836 3746 et
847 3700 905 3766 quo
919 3699 950 3744 se
961 3690 1066 3756 vertat,
1080 3698 1138 3741 non
1149 3678 1232 3740 sciat.
1251 3674 1309 3741 Sed
1323 3676 1378 3739 hoo

393 3788 504 3866 mirum,
519 3785 543 3851 si
555 3787 620 3870 quis
630 3786 730 3850 talium
743 3799 788 3859 tot
800 3787 940 3864 miserias,
954 3797 997 3850 tot
1013 3784 1080 3849 vita
1093 3783 1223 3868 pericula
1239 3783 1266 3846 in
1278 3781 1374 3861 horas,

393 3892 421 3955 in
434 3903 577 3956 momento
587 3892 686 3956 subire
698 3893 790 3975 malit,
800 3913 885 3978 quam
896 3905 959 3957 tuta
970 3893 1019 3957 via
1030 3900 1062 3956 et
1070 3901 1150 3954 recta
1163 3887 1305 3952 avideote
1317 3908 1379 3950 ma·

392 3999 509 4064 nnduci.
523 3997 631 4076 Quales
645 4013 723 4064 certe
739 4011 806 4065 sunt
818 4019 916 4064 omnes
928 3998 1057 4062 homines
1073 3995 1198 4060 ociando
1226 3996 1380 4059 schismate

395 4104 546 4184 obcecati,
558 4107 606 4188 qui
618 4102 721 4185 libero,
733 4126 789 4168 non
801 4126 885 4170 secus
900 4117 988 4189 atque
1001 4116 1096 4168 mente
1108 4102 1248 4173 destituti,
1262 4101 1290 4164 in
1302 4119 1382 4166 snam

397 4211 550 4294 pernicicm
566 4224 660 4275 ruunt.
675 4211 733 4297 ipsi
750 4213 777 4275 in
791 4213 877 4275 rebus
904 4211 1091 4288 salutaribus,
1110 4209 1138 4270 in
1150 4210 1229 4288 ficri,
1251 4209 1378 4291 inquam,

396 4321 579 4403 dogmatibus
592 4320 631 4385 nil
645 4341 762 4405 prorsus
782 4319 900 4402 nidont3
920 4318 1074 4383 manuduci
1090 4329 1253 4381 tamennon
1269 4316 1385 4401 patiun-
