4100 6009
782 987 963 1052 -107-

391 1195 542 1269 Poloniae
570 1205 608 1267 et
629 1193 824 1267 Lithuaniae
854 1195 946 1268 natio
975 1197 1123 1270 ruthena
1151 1192 1363 1292 regionibus,

390 1320 581 1416 dissipavit.
603 1319 784 1404 Cauerent,
799 1341 820 1390 a
834 1319 995 1392 Boreccio
1005 1347 1014 1406 ;
1026 1321 1261 1394 Smetriscium
1275 1322 1368 1417 lnge

391 1452 488 1530 rent;
507 1443 594 1514 alios
616 1441 831 1537 suspicerent
843 1441 1034 1538 episcopos.
1060 1444 1224 1516 Constare
1237 1444 1303 1515 sihi
1322 1443 1367 1516 de

391 1585 512 1639 eorum
549 1564 754 1662 proditione.
796 1561 1053 1658 Conspiravisse
1099 1586 1179 1638 cnm
1214 1577 1368 1663 apostata

392 1689 543 1775 llutsein,
575 1699 613 1761 ut
642 1686 883 1760 orthodoxiam
904 1687 1096 1776 eliminent,
1127 1698 1162 1762 et
1190 1689 1367 1763 inimicam

391 1811 609 1885 orthodoxiae
647 1810 808 1882 unionem
847 1809 1016 1883 hostiliter
1053 1812 1282 1887 introducant.
1332 1815 1368 1885 Si

392 1934 530 2029 quando
551 1933 683 2020 infelix,
711 1944 784 2004 tum
799 1933 975 2028 praecipue
991 1933 1162 2007 inhorruit
1186 1945 1221 2007 et
1243 1935 1368 2009 mentis

394 2057 492 2152 inops
511 2055 663 2132 constitit
683 2055 814 2128 Russia.
833 2055 1011 2127 Obmntnit
1024 2056 1217 2136 Boreccius.
1238 2057 1366 2130 hlohila

393 2179 590 2265 animosior,
614 2176 675 2252 sed
702 2200 771 2251 non
787 2176 847 2249 din
865 2203 874 2262 ;
892 2177 1033 2274 collapsi
1057 2179 1193 2254 caeteris
1208 2179 1244 2249 in
1261 2177 1368 2273 pedes

394 2301 513 2388 animi,
533 2301 642 2374 inscio
658 2309 764 2373 tantae
781 2301 999 2373 incestantiae
1016 2300 1225 2373 Smetriscio.
1257 2299 1369 2372 Patnit

393 2425 550 2497 incentor
570 2425 737 2498 malorum
752 2423 903 2510 Rutscio,
920 2422 1121 2516 litterasque
1138 2422 1213 2514 ejus
1226 2432 1296 2493 tam
1309 2421 1370 2492 in-

395 2546 499 2619 fanda
520 2557 683 2621 canentes
710 2547 883 2620 contuitus
899 2555 963 2618 est.
983 2547 1055 2618 Nec
1071 2546 1200 2619 latuere
1217 2546 1367 2618 Smntri-

395 2673 515 2745 scium.
545 2670 658 2743 Ambo
683 2693 767 2745 vero
791 2669 873 2743 duci
893 2671 938 2742 ab
959 2670 1083 2764 Ostrog
1108 2670 1294 2757 Zaslavslri,
1321 2671 1369 2741 nti

396 2797 524 2890 negotii
540 2806 609 2868 tam
622 2794 730 2867 sancti
743 2793 944 2888 promotori,
955 2793 1265 2866 communicavere.
1275 2794 1318 2865 Et
1332 2815 1370 2865 re

396 2921 431 2992 in
449 2917 628 2992 consilinm
645 2917 766 3002 accita,
793 2916 928 2988 censuit
953 2916 1125 3001 llutsciuS,
1144 2913 1267 2988 ducem
1291 2915 1372 2986 Vis-

397 3039 615 3118 nioviecium,
638 3048 708 3110 tum
738 3039 774 3109 in
796 3036 966 3134 Volhynia
987 3036 1185 3131 degentem,
1211 3035 1370 3131 compel-

399 3165 482 3236 lare.
498 3155 560 3234 Cni
574 3160 724 3233 indicato
740 3160 872 3253 flagitio
887 3159 1005 3246 evicit,
1036 3170 1073 3230 ut
1101 3152 1289 3233 ditionibus
1300 3159 1372 3230 suis

399 3285 567 3380 receperit
594 3306 632 3357 se
662 3284 850 3376 ejecturum
882 3282 1041 3354 lsacium.
1074 3282 1223 3373 Ejecerit
1252 3303 1369 3353 sane:

401 3418 654 3481 verumtamen
673 3428 777 3480 manu
793 3426 992 3478 cosacorum
1011 3426 1089 3478 eum
1108 3415 1257 3489 tenente,
1276 3403 1374 3474 iuva-

403 3518 537 3605 lescens
552 3553 768 3626 nequaqnam
785 3531 933 3626 sopitum
952 3527 1163 3601 incendium.
1183 3529 1244 3600 llst
1260 3537 1374 3600 tamen

401 3651 494 3748 qnod
514 3653 652 3740 mirere,
681 3652 843 3726 eumdem
868 3661 945 3746 post
970 3650 1099 3744 aliquot
1125 3670 1247 3735 annos,
1277 3647 1376 3741 qnasi

403 3779 513 3852 laneis
525 3777 560 3850 in
577 3778 738 3850 ultionem
752 3775 899 3872 pedibus
915 3782 1099 3868 arrepente
1122 3772 1290 3845 ultionum
1302 3773 1376 3844 Dn-

403 3902 510 3990 mino,
541 3887 583 3975 ea
604 3899 788 3972 excidisse.
807 3897 892 3971 Cum
909 3897 1002 3968 enim
1019 3897 1055 3968 in
1072 3894 1377 3991 metropolitanum

404 4023 622 4098 llioviensem
640 4045 703 4118 per
719 4044 859 4096 cosacos
874 4022 1016 4106 electus,
1037 4019 1070 4089 in
1086 4018 1237 4091 Ukraina
1251 4017 1380 4088 similes

405 4149 509 4220 cieret
522 4157 648 4233 motus,
670 4145 806 4232 Mohila‚
824 4165 886 4241 per
900 4144 1034 4238 regium
1046 4152 1168 4214 evecto
1183 4138 1375 4224 brachium,

405 4273 495 4367 apud
508 4295 567 4346 eos
590 4293 667 4345 sese
683 4272 936 4366 interponente,
953 4279 990 4340 nt
1004 4268 1111 4341 vitam
1129 4264 1174 4337 ab
1191 4264 1287 4335 iratis
1303 4285 1381 4335 ser-

407 4404 518 4484 varet,
538 4394 582 4469 ad
596 4394 771 4471 llutscium
794 4393 955 4491 profugit.
976 4389 1006 4466 Α
1023 4414 1091 4488 qno
1108 4388 1301 4462 humaniter
1317 4408 1379 4460 ac-
