4100 6009
719 891 908 953 ...7-

342 1098 780 1171 inadmittendisllntbonis
792 1100 837 1171 ad
849 1100 1009 1194 collegia,
1022 1123 1043 1175 a
1055 1103 1090 1174 S.
1103 1104 1142 1175 n.
1158 1104 1196 1175 Ε.
1211 1118 1328 1179 erecta

342 1222 378 1290 in
396 1221 547 1307 Polon'ia,
567 1220 752 1292 Germania
767 1232 803 1292 et
823 1222 859 1292 in
878 1223 984 1305 Urbe,
1004 1224 1149 1295 eluxere
1176 1254 1182 1296 :
1209 1226 1271 1321 qui
1295 1228 1330 1297 in

340 1343 566 1418 seminarium
583 1343 778 1417 Minscense
793 1344 1034 1417 Ruthenorum
1053 1344 1233 1418 liberalius
1255 1370 1331 1419 sese

341 1466 495 1537 effudere
512 1495 520 1537 ε
537 1468 598 1560 qui
612 1467 690 1541 aede
707 1488 806 1540 sacra
822 1468 984 1541 divorum
1001 1479 1199 1564 martyrum
1220 1470 1333 1563 Sergii

342 1587 524 1659 etBacchi
554 1591 708 1677 Romana
728 1603 868 1687 gentem
893 1600 1045 1663 nostram
1072 1591 1296 1663 illustravere
1321 1621 1330 1664 :
1443 1658 1447 1667 .

342 1712 403 1804 qui
415 1712 528 1807 ipsum
538 1724 725 1807 martyrem
737 1714 1068 1809 Josapbatum,licet
1081 1724 1161 1809 post
1175 1716 1245 1787 lata
1257 1716 1333 1787 Me-

343 1833 436 1919 letii,
456 1829 639 1908 Beatorum
652 1836 783 1907 lumine
798 1836 988 1909 donavere.

394 1957 509 2053 Atque
532 1958 624 2045 ideo,
650 1960 944 2054 quemadmodum
959 1961 1062 2032 vivus
1086 1960 1130 2033 ad
1158 1962 1332 2034 Urbanam

343 2078 438 2151 Petri
460 2081 597 2153 Petram
618 2092 797 2169 attractus
823 2083 1048 2156 immobiliter
1069 2084 1132 2169 illi,
1155 2093 1192 2153 ut
1214 2083 1334 2155 salutis

346 2204 475 2299 portui,
490 2204 535 2275 ad
548 2215 745 2277 extremum
759 2206 905 2279 adhaesit
920 2207 1099 2301 spiritum;
1117 2207 1165 2279 ita
1176 2215 1333 2278 mortuus

347 2329 502 2402 Urbanas
517 2331 632 2401 Petrae
648 2329 814 2424 diploma,
837 2341 1002 2424 tanquam
1024 2328 1106 2402 fidei
1131 2351 1206 2401 suae
1222 2340 1335 2402 tesse-

347 2476 436 2539 ram,
454 2464 596 2524 aeterno
618 2452 846 2547 sculpendum
866 2453 1065 2540 adamante,
1085 2453 1239 2525 retinuit.
1259 2453 1335 2537 Quo

348 2586 384 2649 et
408 2578 443 2647 in
459 2577 534 2648 vita
553 2596 613 2647 sua
638 2586 674 2647 et
697 2576 732 2646 in
749 2586 873 2661 morte,
895 2574 990 2648 Petri
1008 2598 1060 2662 se,
1080 2587 1115 2647 et
1131 2576 1274 2661 Urbani,
1301 2584 1336 2646 et

347 2700 508 2771 Vestrum
531 2700 721 2794 professus,
749 2698 795 2769 ad
816 2699 958 2769 eosdem
979 2709 1058 2793 post
1081 2698 1277 2785 decessum,
1299 2701 1335 2769 in

349 2822 517 2893 memoria
534 2822 713 2893 hominnm
734 2819 960 2905 reviviscens,
990 2830 1197 2893 recurreret.
1225 2821 1335 2905 Quem

349 2964 416 3036 ego
435 2953 557 3038 sponte
579 2942 624 3015 ad
646 2944 806 3016 Vestram
830 2942 1146 3015 Eminentissimam
1168 2943 1335 3014 Domina-

350 3066 490 3150 tionem,
509 3066 720 3161 vestrasque
737 3075 972 3161 protegentes,
987 3066 1148 3151 mellitas,
1172 3067 1334 3157 fragran-

350 3198 403 3259 tes
421 3210 505 3283 apes
526 3211 597 3261 non
613 3201 813 3262 currentem
830 3190 955 3275 solum,
971 3188 1033 3260 sed
1056 3190 1229 3260 volantem
1255 3210 1333 3261 cum

349 3312 546 3407 praepedire
567 3334 636 3385 non
656 3314 807 3398 valeam,
827 3311 950 3383 lubens
969 3310 1152 3405 libensque
1168 3311 1330 3405 expedio,

350 3432 519 3528 Accipere
537 3434 644 3528 igitur
661 3455 753 3512 eum.
780 3448 817 3505 ut
840 3434 962 3519 Suum,
989 3453 1115 3527 meque
1135 3441 1170 3501 ut
1195 3432 1283 3522 eius,
1299 3432 1333 3501 in

350 3554 455 3625 Suam
479 3553 647 3647 dignetur
669 3555 936 3649 protectionem.
966 3551 1175 3625 Praedicabit
1197 3552 1254 3623 ille
1271 3554 1334 3624 sub

350 3696 406 3762 ea,
420 3686 456 3747 et
469 3696 535 3770 ego
548 3676 775 3771 pedissequus
788 3677 875 3769 ejus,
892 3676 1014 3749 nonin
1031 3674 1116 3745 urbe
1129 3675 1254 3762 solnm,
1272 3674 1334 3747 sed

352 3800 455 3870 etiam
472 3800 507 3871 in
527 3799 699 3871 catholico
715 3800 814 3884 orbe,
844 3800 1016 3871 Rutbenae
1034 3797 1193 3871 ecclesiae
1214 3797 1335 3869 tracti-

354 3923 419 3996 tios
441 3922 611 4010 Urbanos,
631 3934 666 3994 et
691 3922 831 3995 Vestros
848 3922 977 3995 radios.
1000 3919 1115 4015 Atque
1134 3920 1218 3994 dum
1238 3924 1335 4015 ejus·

353 4045 449 4119 modi
468 4046 690 4119 meritissime
708 4047 844 4118 Vestrae
865 4043 1153 4117 Eminentissimae
1166 4045 1335 4117 Domina-

355 4170 455 4256 tioni‚
487 4191 555 4265 qua
587 4170 778 4256 Molestum,
805 4190 873 4263 qua
903 4190 959 4239 me
987 4167 1100 4262 ipsum
1126 4166 1335 4263 obligatione

354 4293 554 4386 obstringo,
586 4293 700 4365 eidem
732 4292 814 4386 ipsi,
847 4291 980 4384 totique
1011 4288 1234 4383 amplissimae
1253 4290 1335 4381 Ejus
