4100 6009
1116 922 1276 987 „30-

708 1131 1686 1228 drini,posteaConstantinopoliiani,superfideidogma-

708 1256 800 1328 tibus
816 1255 1031 1351 conscriptis,
1058 1256 1234 1349 exquirit:
1256 1267 1295 1329 ut
1314 1256 1485 1329 medelam
1509 1280 1685 1330 memora-

707 1389 834 1466 torum,
852 1400 922 1451 non
938 1378 1041 1452 modo
1057 1379 1102 1450 ab
1118 1377 1207 1475 ipsc,
1221 1379 1284 1452 sed
1308 1379 1413 1452 etiam
1440 1400 1460 1453 a
1481 1379 1685 1469 demortuis,
1773 1390 1778 1401 '

707 1513 861 1577 sumeret
876 1503 1058 1588 malorum,
1074 1523 1304 1599 censoresque
1315 1524 1389 1575 suae
1401 1502 1544 1575 haberet
1557 1506 1687 1577 Cathe-

708 1628 862 1701 cheseos.
882 1628 1011 1700 Verum
1023 1625 1068 1697 de
1080 1624 1178 1697 libris
1194 1628 1321 1699 frustra
1338 1627 1524 1720 qnaesitam
1539 1626 1685 1701 indoluit

708 1748 891 1820 medelam.
922 1746 1093 1819 Gennadii
1116 1747 1244 1843 qnippe
1290 1768 1396 1843 opera
1427 1772 1489 1817 uon
1522 1772 1684 1844 superesse

709 1871 839 1959 retulit,
857 1871 925 1943 nisi
943 1881 1124 1943 tractatum
1139 1869 1183 1941 de
1192 1870 1321 1964 Spiritu
1336 1872 1371 1941 S.
1381 1928 1388 1957 ,
1399 1892 1419 1941 a
1431 1872 1686 1944 successoribus

707 1992 801 2067 sedis
820 1992 975 2084 ejusdem
993 1992 1075 2063 hinc
1096 1990 1176 2062 indo
1193 2000 1401 2063 truncatum.
1418 1992 1593 2063 Meletium
1607 2014 1685 2065 mo-

708 2116 906 2202 ribundum,
927 2116 963 2186 in
983 2127 1168 2210 conspectu
1187 2135 1263 2200 suo,
1284 2117 1431 2186 vulcano
1444 2123 1592 2207 quatuor
1609 2113 1686 2185 illos

707 2237 947 2325 litarctlihros,
961 2238 1029 2310 sibi
1042 2237 1333 2331 injunxisselpse
1347 2236 1684 2332 reroCyrillus‚por-

708 2373 801 2433 recta
813 2361 1010 2433 Smotriscio
1022 2359 1221 2432 Cathechesi
1232 2381 1298 2431 ase
1313 2360 1514 2455 composita,
1526 2380 1547 2429 a
1558 2358 1684 2430 Zacha-

708 2486 760 2557 ria
774 2486 945 2579 Gorgone,
961 2482 1240 2557 annomillesimo
1253 2482 1504 2553 sexcentesimo
1517 2483 1685 2575 vigesimo

706 2608 859 2680 secundo
871 2606 1082 2702 typisedita,
1104 2604 1188 2699 quid
1200 2604 1372 2691 crederet,
1389 2604 1554 2700 prodidit.

756 2730 997 2821 lnhorruitque
1030 2728 1151 2799 Saulus
1183 2737 1313 2809 noster,
1346 2748 1383 2797 se
1411 2748 1481 2798 non
1499 2726 1681 2814 Ananiam,

707 2851 770 2923 scd
782 2851 969 2924 Lutherum
985 2850 1207 2923 etCalvinnm
1223 2851 1409 2945 reperisse;
1427 2848 1685 2943 demiratusque

707 2984 759 3045 est
771 2997 790 3046 a
803 2976 897 3046 lonte
926 2972 1103 3065 religionis
1116 2995 1203 3060 suae,
1219 2995 1321 3066 quem
1339 2974 1513 3044 salubrem
1527 2972 1682 3067 putabat,

707 3096 866 3193 perfidiae
896 3096 963 3169 sibi
999 3118 1133 3168 venena
1163 3097 1370 3192 propinaret
1407 3096 1557 3187 ideoque
1586 3115 1684 3164 suam

707 3220 930 3295 occulendam
958 3220 1092 3292 censuit
1130 3217 1361 3303 Cutkeolwsim,
1401 3218 1599 3291 subveritus
1640 3238 1685 3287 ne

706 3342 889 3416 adversam
905 3354 1082 3438 pateretur
1111 3343 1239 3429 limam,
1250 3340 1380 3432 judicio
1407 3362 1483 3413 eam
1511 3350 1685 3434 pastorum

707 3468 851 3555 llussiae,
878 3476 954 3562 post
980 3465 1142 3552 reditum,
1161 3466 1388 3556 subjecturus.
1426 3464 1561 3535 Sensim
1591 3464 1684 3534 enim

708 3590 773 3684 ipsi
802 3591 963 3678 innotuit,
987 3589 1111 3681 viginti
1129 3589 1307 3660 erroribus
1323 3596 1358 3657 ct
1376 3587 1569 3659 haeresibus
1585 3586 1629 3657 ab
1644 3608 1685 3659 eo

708 3715 877 3808 Gargano,
897 3713 1135 3786 dissimulante
1151 3711 1291 3807 Cyrillo,
1320 3711 1557 3804 quinquennio
1584 3722 1685 3783 antea

708 3833 829 3922 insitis,
845 3835 1003 3907 Graecam
1019 3835 1191 3931 pullulare
1217 3833 1364 3929 coepisse
1390 3810 1585 3903 ecclesiam.
1608 3828 1684 3901 Au-

708 3956 872 4050 disseque
906 3958 952 4028 ait
983 3979 1021 4030 se
1047 3956 1265 4030 Smotriscins
1295 3956 1459 4051 Cyrillum
1491 3954 1682 4039 dicentem,

710 4076 937 4150 auricularem
954 4080 1204 4151 confessionem
1224 4078 1270 4150 ah
1286 4078 1430 4149 ecclesia
1444 4076 1547 4169 longe
1570 4085 1685 4146 exter-

709 4199 1686 4288 minandum.QuemdamverchieromonachumBenedi-

709 4337 816 4415 ctum,
837 4350 1002 4422 magnum
1017 4330 1174 4403 ecclesiae
1190 4328 1575 4424 Constantinopolitanae
1588 4327 1685 4399 dida-
