4100 6009
785 940 946 1005 ..q-1-

374 1151 567 1245 quassavit,
596 1160 633 1219 ut
656 1169 777 1220 omnes
797 1148 1055 1244 obstupescere,
1076 1160 1111 1223 et
1133 1150 1246 1247 abripi
1268 1152 1355 1225 visit

376 1273 420 1343 llt
434 1270 576 1365 quidem
593 1271 799 1357 debiliores,
818 1270 903 1367 qnid
920 1294 1037 1345 reram
1054 1271 1153 1345 lieret
1169 1274 1353 1347 demirari!

376 1397 555 1483 incuriosi,
570 1397 670 1493 quasi
686 1398 871 1469 oscitantes
883 1396 1020 1470 haerere
1035 1402 1041 1469 l
1059 1398 1196 1494 pietatis
1207 1399 1360 1494 bonique

376 1518 506 1613 publici
532 1529 715 1604 amatores,
745 1518 880 1591 consilii
904 1519 1038 1615 inopes,
1063 1529 1227 1615 tanquam
1257 1532 1362 1595 vento

377 1654 501 1715 urente
524 1643 669 1738 perusti,
687 1643 949 1736 elanguescere!
970 1643 1086 1735 Ignari
1110 1643 1242 1718 dolosae
1262 1646 1358 1732 artis,

378 1778 414 1842 et
429 1769 784 1842 machinamentorum
809 1770 895 1853 orci,
913 1770 1074 1861 remeius
1087 1776 1245 1843 extreme
1258 1782 1363 1865 gente

379 1892 415 1963 in
448 1893 606 1965 lluthena
630 1892 831 1988 periclitari,
866 1893 908 1979 si,
938 1893 973 1963 in
1002 1893 1121 1965 osculo
1144 1891 1251 1988 pacis.
1274 1914 1362 1965 san-

378 2025 448 2089 ctae
464 2016 566 2088 lllatri
585 2038 660 2090 suaa
684 2016 842 2091 ecclesiae
860 2038 1045 2090 occurrere
1068 2016 1261 2089 destinarit.
1278 2014 1362 2090 Cum

379 2158 467 2211 vero
495 2138 545 2208 illi
576 2138 707 2212 turbidi
732 2138 948 2231 objectarent
978 2137 1148 2222 homines,
1172 2159 1235 2209 cur
1263 2138 1363 2228 ejus·

381 2262 477 2335 modi
505 2262 572 2334 iter
603 2264 811 2360 arripuerit?
835 2282 899 2335 cur
922 2259 967 2334 ad
983 2270 1118 2357 patrem
1151 2270 1186 2332 et
1216 2262 1363 2353 majores

382 2384 540 2458 ecclesias
557 2409 632 2459 suae
662 2386 868 2472 cucurrerit,
883 2383 1055 2479 siqnidem
1078 2383 1112 2455 in
1136 2383 1258 2457 Russia
1276 2382 1364 2456 fides

382 2519 585 2581 servaretur
610 2510 719 2581 illaesa
740 2518 775 2581 et
800 2506 971 2581 consessio
986 2506 1063 2598 ejus
1090 2513 1182 2578 esset
1207 2504 1365 2578 illibata?

384 2629 520 2702 Fecisse
543 2626 580 2702 id
608 2650 688 2701 eum
717 2629 812 2703 nnlla
837 2629 930 2720 justa
958 2626 1138 2699 inductum
1163 2626 1310 2713 ratione,
1328 2628 1363 2699 in

383 2750 548 2825 damnum
563 2763 622 2825 ant
643 2751 862 2826 commodum
885 2773 1005 2836 sunm;
1025 2750 1181 2823 llussiam
1197 2772 1283 2823 vero
1299 2750 1364 2823 hac

384 2873 497 2947 ardua
509 2885 545 2946 et.
557 2875 728 2948 laboriosa
743 2874 820 2966 ejus
834 2873 1110 2969 peregrinatione
1131 2894 1200 2945 non
1213 2874 1360 2969 eguisse.

384 3000 513 3071 Verum
528 2998 586 3070 ille
600 2998 646 3070 ad
670 2998 761 3083 hacc,
784 3018 863 3069 cum
883 2996 1115 3069 admiratione
1135 2996 1217 3070 licet
1237 2998 1362 3069 obtra-

384 3121 556 3207 dentium,
582 3120 781 3217 episcopum
804 3140 855 3206 se,
883 3118 1039 3213 quinimo
1068 3119 1366 3215 archiepiscopum

384 3246 501 3338 gentis
513 3255 550 3316 et
566 3243 727 3315 ecclesiae
744 3242 848 3315 luisse
861 3241 1046 3327 Ruthenae,
1062 3240 1146 3337 qnid
1160 3252 1277 3315 tamen
1291 3264 1366 3315 cre-

385 3366 498 3452 deret,
520 3366 749 3460 ignoravisse.
776 3365 835 3436 Sin
853 3384 939 3436 vero
957 3363 1124 3459 quiddam
1142 3364 1311 3453 scivisset,
1330 3366 1366 3439 id

386 3490 670 3565 malesciuisseet
681 3488 1094 3575 malecrsdidisseouod
1108 3508 1246 3561 errores
1259 3490 1376 3585 magis

385 3628 421 3689 ot
444 3616 612 3701 hereses,
639 3613 909 3709 ascriptoribus
935 3612 1105 3687 malefidis
1137 3612 1363 3703 introductas,

386 3761 491 3835 quam
510 3759 631 3811 veram
654 3746 690 3808 et
710 3737 756 3809 ab
778 3735 913 3810 oriente
932 3736 969 3808 in
991 3736 1148 3809 Russiam
1174 3734 1367 3811 derivatam

385 3863 513 3937 Christi
529 3859 723 3933 Seruutoris
734 3858 852 3945 fidem,
863 3860 1035 3945 scivisset,
1050 3855 1275 3949 credidisset;
1292 3884 1368 3935 eas·

386 4008 456 4081 que
480 3994 517 4057 et
546 4004 617 4057 non
651 3982 744 4055 illam
773 3982 958 4070 docuisset,
988 3982 1262 4078 praedicauisset.
1293 3986 1367 4072 Qua

388 4106 598 4202 aegritudine
612 4128 680 4178 non
697 4106 848 4199 seipsum
868 4104 983 4182 modo.
1000 4127 1122 4178 verum
1143 4106 1245 4179 etiam
1261 4117 1367 4183 totam

381 4227 545 4316 ,llussiam
570 4228 728 4302 allectam
757 4227 872 4313 luisse.
900 4227 981 4301 ldeo
1006 4228 1138 4324 optimo
1158 4250 1198 4299 ac
1217 4230 1372 4303 meritis-

388 4349 476 4422 simo
488 4350 582 4441 jure,
606 4372 646 4421 ea
676 4351 786 4444 ipsum
809 4351 1004 4423 visitavisse
1032 4350 1162 4438 limina,
1182 4352 1370 4445 exquibus

1223 4458 1238 4507 s
