4100 6009
1126 926 1289 989 ...ffi-

718 1137 878 1209 deleoere
891 1136 994 1208 vires.
1016 1136 1166 1208 Proinde
1179 1137 1300 1231 agnita
1310 1136 1486 1209 voluntate
1502 1138 1577 1224 Dei,
1596 1160 1707 1231 agno

718 1259 770 1328 vit
782 1258 886 1330 etiam
914 1260 1004 1331 male
1019 1258 1110 1331 illud
1127 1260 1318 1330 Laenatem
1332 1259 1436 1332 luisse
1452 1261 1701 1357 conscriptum.

719 1382 1086 1478 ldeoqneoontrarium
1103 1384 1151 1455 illi
1160 1385 1317 1478 concepit
1330 1384 1509 1478 seriptum¹
1521 1384 1706 1455 Palinodioe

719 1511 871 1597 nomine,
908 1524 945 1583 ut
971 1510 1054 1582 mihi
1083 1510 1282 1603 siguificare
1312 1512 1438 1598 voluit,
1474 1512 1698 1584 intitulatum.

718 1633 874 1708 Proleeta
898 1647 951 1707 est
967 1658 1046 1707 cum
1062 1656 1105 1707 eo
1122 1636 1246 1725 Vestra
1262 1636 1455 1707 Domiuatio
1483 1636 1702 1729 Ostrogium,

718 1755 867 1850 capitulo
889 1757 938 1829 illi
953 1758 1172 1845 monstravit,
1204 1757 1496 1853 quemadmodum
1525 1758 1706 1833 etiamre-

720 1876 850 1969 ligiosis
873 1879 1176 1953 Dermaneusibus.
1201 1880 1268 1965 Qut
1280 1879 1531 1966 existimantes,
1548 1882 1705 1956 allestra

720 2000 1019 2077 Reverendissima
1048 2003 1286 2076 Domiuatione
1303 2003 1458 2097 probari,
1477 2003 1526 2074 uti
1548 2004 1706 2079 homines

720 2124 821 2196 nihili
832 2136 868 2198 et
882 2127 980 2199 rudis
996 2128 1183 2213 minervae,
1205 2127 1310 2197 immo
1324 2123 1531 2222 blasphemi,
1543 2129 1705 2203 Vestram

721 2246 830 2341 ipsam
860 2250 1105 2321 Paternitatem
1151 2249 1397 2342 appellavere;
1435 2270 1516 2341 quae
1546 2252 1706 2324 obstante

721 2371 900 2443 voluntate
912 2372 1043 2459 divina,
1060 2372 1132 2462 jam
1150 2371 1289 2466 penitus
1301 2370 1332 2441 ei
1349 2371 1506 2463 nequivit
1521 2372 1702 2444 obsistere.

722 2492 890 2565 Libellum
907 2504 1024 2566 tamen
1053 2516 1146 2581 eum,
1177 2492 1395 2588 postmodum
1414 2496 1571 2566 aVestra
1592 2497 1707 2569 Reve-

722 2618 928 2691 reudissima
942 2618 1153 2689 Paternitate
1167 2618 1402 2712 impetratum,
1418 2618 1512 2689 velut
1525 2620 1707 2691 'victimam

722 2764 784 2813 suo
809 2742 985 2813 schismati
1012 2741 1211 2814 adolevere.
1243 2742 1315 2813 Nec
1347 2740 1532 2813 inviderim
1550 2770 1557 2827 ;
1578 2744 1707 2837 quippe

722 2863 815 2959 apud
842 2864 947 2959 ipsos,
977 2875 1013 2936 ut
1030 2864 1143 2937 dicam
1173 2865 1323 2951 sincere,
1354 2864 1544 2935 occultatur
1562 2865 1705 2952 veritas,

722 2986 883 3081 proditur
915 2987 1151 3059 mandacium.
1175 2987 1407 3058 Testabantur
1426 2986 1461 3059 id
1478 2986 1557 3057 libri
1575 2985 1707 3057 ibidem

723 3114 865 3199 excusi;
888 3114 1087 3207 inquorum
1105 3110 1330 3184 translatione
1347 3131 1509 3203 aguero,
1529 3131 1593 3205 pro
1610 3110 1708 3181 libitu

723 3235 929 3324 addebatur,
956 3235 1238 3308 subtrahebatur.
1258 3234 1392 3306 Patebit
1416 3233 1480 3307 hoc
1503 3234 1549 3305 ad
1570 3218 1708 3306 oculum

725 3362 912 3455 unicuique
928 3371 1066 3433 veteres
1094 3370 1127 3431 et
1159 3379 1266 3430 novas
1290 3358 1460 3431 editiones
1479 3380 1613 3453 graecas
1629 3380 1709 3429 cum

722 3482 800 3555 istis
815 3484 1020 3555 conterenti.

780 3636 797 3677 r
822 3607 868 3679 At
882 3609 984 3680 missa
1001 3609 1235 3680 eadaciamus.
1253 3606 1335 3693 Quis
1351 3606 1407 3678 hic
1418 3606 1602 3699 genuinam
1621 3605 1708 3675 Ves-

725 3742 790 3804 trae
806 3730 1119 3804 Revereudissimae
1131 3729 1348 3802 Pateruitatis
1364 3740 1398 3800 et
1412 3729 1517 3800 nimis
1532 3735 1708 3823 potentem

725 3879 795 3928 non
823 3856 985 3929 advertat
1013 3855 1257 3927 vocationem?
1281 3854 1370 3924 Sane
1395 3852 1615 3947 aequiparare
1631 3870 1709 3921 eam

725 3980 848 4067 ausim,
868 4003 913 4052 ue
928 3980 1078 4053 dixerim
1097 3980 1291 4064 anteferre,
1311 3977 1384 4049 divi
1411 3976 1505 4049 Pauli
1522 3974 1708 4059 vocationi,

727 4104 946 4199 praeillustris
958 4105 992 4176 iu
1006 4104 1153 4175 ecelesia
1170 4102 1232 4173 Dei
1251 4102 1345 4174 lacis.
1367 4101 1440 4173 lllic
1453 4100 1545 4171 euim
1556 4098 1711 4170 turbavit

727 4224 916 4318 ligavitque
935 4226 1017 4321 equi
1035 4224 1154 4319 pedes,
1180 4226 1290 4319 ipsum
1310 4224 1436 4314 dejecit
1448 4242 1638 4305 sessorem;
1655 4219 1712 4290 hic

728 4370 812 4419 vero
834 4350 967 4421 Vestrae
989 4348 1208 4421 paternitatis
1229 4368 1406 4443 peraerem
1429 4345 1552 4440 ligavit
1572 4343 1711 4414 intelle-
