4100 6009
808 876 991 940 -tto-

411 1087 472 1162 sed
493 1090 605 1181 regia
624 1085 720 1158 laicis
738 1085 949 1172 invaluisset,
971 1085 1005 1154 in
1027 1105 1162 1157 cassum
1180 1085 1287 1158 verba
1303 1109 1397 1181 pro-.

412 1209 557 1282 lundene
576 1208 708 1280 abnuit.
729 1205 866 1298 Adjecit
883 1217 1010 1294 tamen,
1028 1229 1153 1300 graves
1169 1208 1244 1280 illas
1263 1209 1397 1282 condis

413 1336 523 1408 tiones
540 1353 610 1406 non
626 1315 829 1426 exigerent;
846 1351 959 1426 neque
972 1352 1013 1402 se
1027 1331 1120 1405 ultra
1133 1333 1306 1422 meritum,
1328 1355 1393 1406 na·

412 1456 515 1528 tionis
529 1454 717 1550 opprobrio
738 1463 968 1549 exponerent.
989 1455 1094 1525 Posse
1112 1453 1401 1549 scriptumsuum

406 1599 436 1652 a
450 1577 688 1670 divulgatione
705 1575 870 1648 retineri:
889 1585 924 1646 et
936 1577 1084 1663 interea,
1101 1577 1135 1646 in
1148 1575 1397 1673 synodopunc-

412 1699 511 1772 tatim
527 1698 571 1773 de
586 1720 627 1771 eo
641 1699 807 1784 discurri;
825 1697 915 1770 acin
932 1719 1002 1793 quo
1019 1697 1162 1770 devium
1178 1707 1286 1785 esset,
1308 1719 1400 1770 cor-t

413 1823 491 1918 rigi.
507 1822 577 1895 Sed
594 1844 674 1895 cum
690 1821 804 1894 surdis
821 1820 984 1907 fabulam,
1000 1820 1198 1894 declinante
1214 1821 1288 1909 die,
1304 1844 1399 1895 nec-.

412 1955 503 2022 teret
526 1946 598 2032 illo,
624 1963 732 2038 grave
755 1941 892 2038 aliquid
915 1943 1128 2030 frendentes,
1154 1943 1397 2038 minantesque

413 2065 532 2150 abiere
562 2066 639 2152 isti;
674 2065 893 2138 Smotriscins
926 2064 1185 2138 vehementiore
1212 2066 1396 2161 perculsus

412 2199 522 2276 metu,
536 2188 622 2284 quid
637 2188 770 2262 consilii
782 2189 818 2259 in
831 2209 874 2260 ea
889 2197 1031 2282 caperet
1043 2209 1161 2275 arena,
1177 2188 1399 2282 ambigebat,

415 2311 520 2394 immo
546 2311 666 2382 animo
682 2309 795 2403 linqui
817 2307 1012 2396 videbatur,
1038 2329 1115 2381 cum
1140 2309 1255 2382 nullus
1275 2310 1400 2404 effugii.

414 2441 611 2527 superesset
627 2433 734 2504 locus.

461 2555 552 2627 Ecce
565 2563 695 2640 autem,
707 2553 825 2649 elapso
834 2552 931 2626 horae
941 2553 1053 2648 spatio
1061 2562 1097 2624 et
1106 2554 1215 2647 prima
1228 2576 1392 2651 uespera,

412 2675 615 2760 abdicandae
633 2675 754 2750 modus
770 2673 947 2773 Apolcqioe,
962 2677 1026 2771 ipsi
1047 2677 1085 2749 in
1103 2677 1230 2774 scripto
1245 2679 1388 2767 allatus;

413 2799 516 2872 enisi
535 2799 781 2887 consensisset,
804 2799 975 2895 synodum
994 2799 1189 2873 accederet.
1208 2801 1270 2874 llle
1289 2820 1390 2890 vero,

414 2921 494 2994 binc
530 2923 567 2994 in
601 2923 811 2996 monasterio
845 2923 956 2996 sancti
989 2923 1166 2998 Michaelis
1204 2923 1251 2998 ob
1282 2929 1400 3000 mulla.

413 3044 590 3141 quiescere
611 3046 875 3141 pertimescens,
898 3046 979 3119 inde
1002 3048 1187 3141 praesentia
1206 3070 1268 3121 sua
1293 3051 1399 3130 leniri,

414 3164 631 3240 adversarios
646 3190 748 3264 posse
764 3168 954 3257 confidens,
975 3171 1114 3248 missam
1131 3169 1176 3242 ad
1192 3192 1232 3243 se
1246 3172 1399 3246 abdica.

414 3288 517 3361 tionis
534 3289 724 3363 chartama
741 3291 898 3386 pluribus
911 3292 1139 3364 crassioribus
1150 3293 1283 3366 limavit
1299 3315 1393 3367 erro

415 3412 522 3500 ribus3
534 3411 770 3485 adhnotamen
783 3413 910 3486 animae
925 3413 1065 3485 noxiam
1077 3435 1165 3501 suae,
1182 3412 1390 3510 descriptam

414 3559 483 3610 uon
502 3535 733 3632 subcriptam,
757 3556 820 3630 per
845 3536 1092 3610 internuntium
1113 3537 1255 3609 remisit.
1280 3539 1391 3624 Quem

413 3668 448 3730 et
471 3657 546 3757 ipse
569 3656 615 3740 ad
632 3659 877 3732 monasterium
893 3660 1114 3747 Peozarense,
1135 3681 1198 3754 pro
1214 3664 1391 3738 nocturnis

413 3777 662 3876 Assumptionis
678 3780 855 3874 Virginem
867 3781 996 3877 vigiliis
1009 3793 1160 3863 secutus.
1177 3781 1215 3863 ln
1229 3782 1388 3871 ecelesia,

415 3911 519 3998 atque
538 3902 627 3974 intra
652 3903 759 4000 adyta
778 3904 991 3992 consistenti,
1014 3904 1137 3984 eadem
1158 3902 1397 3999 subscriptum⁴

414 4023 560 4096 mittitur·
576 4025 709 4114 charta,
727 4036 762 4100 et
779 4037 814 4099 ut
827 4027 906 4118 jure
919 4026 1071 4119 jurando
1088 4025 1320 4119 obstringeret
1335 4048 1397 4115 se„

412 4149 633 4222 Dermanium
646 4170 715 4222 nou
729 4149 980 4223 abscessurum.
996 4150 1166 4235 Quocirca
1178 4149 1305 4223 iterum
1317 4150 1390 4238 ille,

414 4291 551 4365 quaqua
567 4283 701 4368 poterat
721 4275 866 4360 ratione,
892 4271 1035 4362 instare,
1053 4271 1249 4370 deprecari,
1269 4272 1394 4345 obtes-
