4100 6009
1144 926 1303 991 ..54-

735 1146 853 1219 olesiae
860 1142 1068 1224 membrum,
1079 1160 1157 1209 oum
1166 1136 1409 1225 sithaeretious,
1421 1140 1504 1212 dare
1512 1151 1648 1236 poterat
1663 1148 1715 1217 al·

736 1270 802 1341 teri
825 1264 941 1340 erroni
959 1270 1096 1335 vestras
1119 1260 1438 1334 Reverendissimas
1455 1264 1716 1341 Dominationes

734 1384 1710 1481 initiandiauctoritatem,quamnonhabuitipselDeinde,

733 1524 862 1587 vestrae
879 1511 964 1607 ipsae
983 1509 1252 1597 Dominationes,
1274 1508 1502 1583 existentibus
1516 1512 1591 1585 aliis
1607 1513 1712 1603 vivia,

734 1656 803 1710 non
821 1645 978 1730 poterant
994 1630 1080 1705 lioite
1109 1633 1249 1705 initiari.
1267 1632 1443 1705 Habentur
1470 1636 1577 1707 vestri
1604 1660 1712 1711 oeno-

735 1778 798 1829 nes
814 1785 821 1827 :
840 1754 1022 1851 Episcopus
1038 1765 1237 1826 maseerutur
1257 1752 1292 1825 io
1303 1752 1526 1851 episcopatum,
1545 1759 1715 1854 superstite

733 1865 988 1953 olio,onothema
1002 1864 1058 1937 sit.
1076 1866 1249 1939 Toleravit
1261 1866 1456 1961 patriarcha
1472 1868 1712 1946 Constantino·

736 1990 908 2084 politanus
921 2012 986 2087 per
1009 1998 1059 2060 tot
1074 2010 1183 2061 annos
1199 2010 1273 2076 eos,
1294 2009 1382 2081 quos
1406 1988 1513 2062 Sedes
1529 1994 1715 2087 apostolica

735 2114 773 2184 in
797 2114 930 2206 gremio
950 2112 1056 2184 habet
1084 2134 1147 2183 suo
1163 2122 1198 2183 et
1215 2114 1293 2184 sinu
1321 2114 1414 2185 luvet
1430 2124 1599 2201 materno,
1631 2118 1715 2213 epi-

734 2256 870 2331 scopos,
888 2234 922 2305 in
944 2257 1006 2307 suo
1021 2234 1251 2331 patriarchatu
1265 2235 1314 2329 (ut
1337 2236 1441 2307 etiam
1463 2235 1564 2307 modo
1587 2249 1715 2313 vestrae

734 2358 962 2434 Paternitates
994 2358 1317 2445 Reverendissimae,
1347 2358 1383 2429 in
1405 2380 1513 2454 regno
1542 2361 1713 2450 Poloniae,

734 2484 850 2579 quoad
861 2482 992 2569 sedem,
1005 2482 1050 2553 ad
1062 2482 1222 2555 eumdem
1237 2495 1419 2555 recurrunt
1430 2509 1438 2559 z
1448 2505 1513 2555 nee
1527 2484 1616 2555 ultra
1633 2508 1713 2579 pos-

735 2615 814 2679 sunt
835 2633 842 2677 :
863 2606 1087 2699 quantumvis
1109 2606 1144 2676 in
1165 2604 1234 2678 suis
1257 2604 1439 2677 tradiderit
1464 2609 1709 2704 monumentis,

609 2814 612 2817 q
736 2727 900 2817 majorem
916 2748 992 2799 esse
1009 2726 1074 2799 sub
1091 2727 1251 2821 pontifice
1266 2729 1432 2812 Romano,
1447 2750 1550 2821 quam
1567 2728 1713 2801 Turcioo

735 2858 884 2944 tyranno
904 2849 1115 2945 servitutem)
1135 2879 1142 2922 :
1159 2852 1332 2937 toleravit,
1360 2851 1514 2945 inquam,
1541 2852 1714 2923 Constan-

737 2970 1003 3065 tinopolitanus;
1022 2971 1182 3045 dominus
1198 2994 1281 3047 vero
1293 2973 1534 3068 Theophanes,
1546 2974 1714 3045 Hieroso-

737 3098 840 3192 lymis
862 3118 1101 3193 prorumpens,
1124 3098 1210 3171 orbe
1233 3098 1388 3184 lustrato,
1408 3096 1533 3192 hospes
1555 3098 1711 3187 comsit,

736 3222 770 3295 in
783 3222 897 3295 aliena
913 3222 1017 3295 domo
1038 3220 1201 3316 disponit.
1223 3222 1262 3292 Et
1278 3219 1371 3316 quod
1394 3220 1640 3315 paterfamilias
1657 3230 1714 3293 to-·

736 3346 835 3433 lerat,
862 3345 988 3440 hospes
1008 3344 1218 3432 curiositate,
1242 3365 1286 3415 an
1303 3342 1455 3438 nequitia
1469 3351 1504 3414 et
1527 3342 1714 3416 ambitione

737 3491 802 3543 sua
811 3468 910 3541 tollit.

795 3621 814 3657 «
826 3593 870 3665 m
889 3592 918 3664 si
933 3592 1057 3663 Vestra
1069 3588 1369 3663 Reverendissima
1383 3588 1577 3661 Dominatio
1589 3589 1715 3661 nostris

739 3714 900 3811 legitimis
922 3715 1072 3809 denegat
1099 3715 1352 3801 auctoritatem,
1379 3714 1458 3809 quia
1483 3712 1714 3809 apatriarcha

737 3837 1107 3933 Constantinopolitano
1125 3837 1478 3931 obsessorumque
1496 3837 1713 3911 sentiendum

740 3960 786 4033 de
808 3964 933 4036 vestris
959 3961 1268 4047 Dominationibus‚
1288 3959 1348 4056 qui
1365 3960 1561 4054 inaugurati
1577 3962 1659 4033 estis
1671 3960 1716 4031 ab
1748 4050 1750 4054 v

741 4086 809 4158 isto
825 4086 1012 4179 multivago
1025 4106 1162 4172 errone,
1183 4084 1367 4169 incertum,
1383 4103 1427 4153 an
1441 4082 1647 4156 auctoritate
1664 4083 1717 4155 sui

742 4205 961 4299 patriarehae,
973 4206 1157 4302 etquidem
1170 4204 1338 4291 haeretiei,
1350 4203 1561 4277 obedientiae
1571 4202 1720 4297 fideique

743 4329 951 4403 desertoris?
984 4331 1034 4403 do
1062 4330 1219 4425 proinde,
1250 4350 1318 4424 qua
1357 4327 1567 4402 conscientia
1592 4338 1719 4401 vestrae
