4100 6009
1179 890 1320 955 „a-

759 1122 861 1196 quam
875 1123 896 1171 a
911 1102 1036 1193 quovis
1053 1121 1201 1193 unquam
1224 1101 1259 1171 in
1278 1101 1391 1172 lucem
1406 1102 1563 1196 protrahi
1583 1103 1737 1191 valerct;

759 1227 833 1320 ipse
854 1227 900 1298 de
922 1248 961 1298 se
988 1226 1127 1311 fatetur,
1152 1224 1246 1319 quod
1271 1224 1519 1297 beneficiorum
1539 1239 1576 1298 et
1596 1227 1740 1300 allectus

758 1348 986 1421 Beatitudinis
1006 1350 1087 1421 Suae
1107 1369 1189 1440 erga
1213 1349 1405 1420 Butbenam
1423 1349 1611 1421 Ecclesiam
1634 1350 1741 1424 radiis

760 1494 806 1544 ex
815 1472 1032 1543 miseriarum
1050 1472 1126 1544 lacu
1142 1482 1331 1557 extractus,
1348 1471 1498 1567 pedibus
1511 1473 1741 1567 manibusque

762 1592 939 1680 revinctis,
966 1591 1012 1663 ad
1042 1574 1157 1685 genua
1182 1593 1251 1663 Sua
1276 1613 1354 1663 cum
1393 1593 1556 1687 lacrymis
1585 1608 1741 1688 proster-

761 1725 875 1803 natur,
897 1726 931 1786 et
953 1713 1067 1787 dieat:
1091 1714 1199 1800 Pater,
1209 1714 1338 1810 peccam
1351 1714 1386 1785 t'n
1398 1715 1521 1801 celum,
1534 1729 1564 1787 et
1580 1740 1686 1786 coram
1699 1729 1740 1801 te,

759 1864 821 1907 non
861 1862 934 1908 sum
964 1834 1084 1932 aliquus
1122 1834 1230 1906 uocari
1256 1835 1350 1931 silius
1384 1850 1470 1907 tuus.
1514 1838 1557 1909 El
1580 1838 1661 1911 licet
1702 1860 1740 1911 se

761 1960 940 2053 indignum
965 1969 1107 2044 asserat,
1124 1960 1207 2051 Bjus
1229 1969 1344 2031 tamen
1361 1960 1397 2031 in
1412 1960 1560 2032 Domino
1576 1960 1666 2033 filius
1683 1963 1740 2034 la-

759 2094 837 2155 ctus
848 2096 900 2155 est
917 2111 924 2154 :
940 2082 1021 2176 qnia
1034 2084 1121 2155 sicut
1135 2105 1182 2155 ex
1196 2082 1301 2154 corde
1322 2104 1402 2154 cum
1419 2094 1538 2155 sancto
1558 2096 1741 2179 peccatore

760 2225 877 2276 coram
897 2227 1062 2302 supremo
1078 2206 1219 2301 protulit
1235 2206 1355 2277 Patre:
1372 2203 1504 2275 Peccuut'
1521 2205 1679 2277 Domino:
1694 2208 1741 2280 ita

761 2338 797 2398 et
811 2326 993 2399 abeodem
1012 2326 1133 2399 audire
1146 2328 1273 2399 meruit
1292 2327 1472 2398 :Dominus
1492 2326 1658 2398 transtulit
1674 2356 1695 2401 a
1712 2343 1741 2402 tc

661 2442 665 2447 ’
758 2462 923 2544 peccotum
944 2462 1047 2521 tuum.
1076 2450 1119 2521 Et
1136 2472 1221 2522 vcro
1242 2461 1311 2523 tam
1336 2452 1507 2523 sincerum
1533 2452 1602 2523 oris
1622 2453 1740 2545 poeni-

763 2574 868 2644 tentis
885 2571 1037 2643 edictum
1058 2570 1198 2655 Pecccui,
1217 2593 1322 2666 quam
1337 2572 1422 2646 illud
1438 2574 1616 2645 infallibile
1633 2576 1743 2648 caele-

764 2696 826 2768 stis
841 2696 1018 2767 oraculum
1033 2695 1213 2789 potestatis
1229 2694 1416 2781 Transtulit,
1429 2694 1624 2770 firmissime
1634 2688 1745 2772 decla·

765 2818 857 2890 ravit
869 2817 1057 2904 extinctus,
1072 2838 1117 2887 ne
1131 2819 1325 2890 locusesset
1334 2818 1557 2906 haesitationi,
1573 2821 1745 2893 extinctus

765 2941 937 3026 Meletins,
961 2940 1103 3034 quando
1121 2940 1366 3013 absolutorium
1380 2963 1400 3012 a
1413 2941 1595 3014 schismate
1611 2943 1746 3016 Beatis-

765 3068 843 3140 simi
858 3066 987 3139 Urbani
1000 3068 1126 3153 Breve,
1140 3066 1259 3139 vivida
1272 3088 1389 3152 manu,
1407 3087 1485 3138 cum
1503 3075 1553 3138 tot
1569 3067 1745 3141 miraculis

766 3187 890 3261 tenuit.
912 3188 955 3260 Ut
967 3189 1024 3261 vel
1039 3188 1104 3260 boc
1121 3190 1195 3285 ipso
1207 3188 1354 3283 amplius
1370 3198 1553 3274 assereret,
1568 3210 1606 3260 sc
1619 3200 1653 3260 et
1666 3212 1745 3262 cnm

766 3311 889 3397 Brevi,
911 3320 947 3382 et
967 3333 1048 3383 cunr
1069 3286 1372 3409 archiepiscopatu·
1391 3312 1649 3406 Hieropclitano
1670 3313 1746 3383 col-

766 3438 835 3509 lato
853 3438 887 3507 in
906 3436 1022 3521 Brevi,
1041 3447 1076 3508 ct
1098 3436 1218 3509 vivum
1234 3444 1269 3508 cl
1290 3434 1524 3521 demortuum,
1543 3455 1620 3507 esse
1637 3445 1747 3508 totum

766 3562 872 3648 Petri,
883 3582 960 3633 esse
973 3569 1082 3633 totum
1096 3558 1239 3648 Urbani,
1254 3582 1329 3631 esse
1344 3569 1452 3632 totum
1466 3560 1640 3631 Vestram.
1658 3560 1748 3631 Sane

722 3733 725 3742 ,
767 3685 922 3782 perbelle
930 3685 1070 3758 Meletio
1079 3684 1363 3780 proficiscentesa
1377 3685 1485 3755 Domo
1499 3684 1621 3757 Vestra
1633 3694 1669 3755 et
1683 3694 1749 3757 tra-

766 3808 853 3880 ctitii
875 3808 1046 3881 llutbenae
1064 3805 1223 3880 ecclesias
1245 3806 1441 3879 inclaruere
1463 3806 1566 3893 radii,
1593 3806 1654 3900 qui
1670 3828 1748 3879 eam

767 3930 919 4003 doulam
933 3929 1066 4022 gratiis,
1083 3929 1246 4016 decretis,
1262 3929 1452 4025 privilegiis
1469 3930 1505 4000 in
1517 3930 1630 4000 lucem
1646 3938 1747 3999 extu-

768 4054 840 4150 lere
860 4079 871 4148 :¹
887 4052 948 4145 qui
965 4050 1200 4124 munificentia
1218 4074 1279 4123 sua
1293 4062 1328 4123 ct
1351 4051 1565 4149 protectione
1586 4051 1748 4123 unionem

767 4176 812 4247 ab
826 4174 1019 4269 impetuoso
1036 4173 1219 4247 schismate
1235 4184 1421 4269 protexere
1442 4202 1448 4244 :
1465 4174 1525 4268 qui
1541 4194 1603 4267 per
1619 4172 1748 4245 Bulba-

767 4318 833 4385 nos
853 4295 974 4369 Unitcs
997 4296 1191 4369 Orientalcs
1215 4294 1468 4372 convertendos
1487 4293 1658 4366 edixere:
1687 4293 1746 4389 qui
