4100 6009
1141 907 1304 970 ..72-

736 1194 860 1269 Urbano
880 1191 958 1265 Vltl
978 1190 1124 1289 Pontifici
1146 1190 1291 1261 monimo
1315 1189 1465 1262 Meletius
1492 1188 1711 1277 Sroolriscias,

779 1300 1080 1399 nuncupatucapud
1105 1299 1318 1373 schismaticos
1343 1300 1598 1399 archiepiscopus
1623 1300 1714 1374 Polo

780 1412 893 1523 censis,
913 1410 1171 1483 archimandrita
1191 1410 1360 1485 tituenus.

787 1623 929 1694 «Solane
942 1620 1027 1693 illud
1041 1622 1172 1707 lumen,
1186 1620 1616 1693 universamhancmundi
1629 1644 1710 1695 mn-

730 1748 798 1817 lem
815 1747 887 1817 suis
900 1746 1106 1817 collustrans
1129 1743 1249 1830 radiis,
1270 1744 1410 1816 videtur
1427 1742 1481 1816 his
1502 1744 1709 1838 deploratis-

728 1868 824 1939 simis
832 1868 1045 1961 temporibus
1057 1886 1133 1939 esse
1145 1866 1301 1939 ecclesiae
1308 1866 1369 1937 Dei
1387 1866 1711 1939 lelixBeat'itudinis

730 1994 865 2064 Vestrae
875 1990 1111 2087 pontificatus;
1140 2011 1183 2062 eo
1198 1988 1428 2086 splendidior,
1453 1994 1645 2091 quomagis
1662 2001 1713 2064 tat

730 2113 904 2185 haeresum
921 2122 955 2184 et
968 2113 1193 2185 schismatum
1218 2108 1370 2185 nubibus
1388 2112 1587 2205 obtegitur;
1605 2114 1653 2186 ita
1673 2125 1711 2187 ut

730 2232 776 2305 de
790 2235 850 2308 illo
861 2234 978 2307 dicere
987 2234 1135 2309 debeam
1148 2260 1226 2307 :non
1233 2233 1343 2332 estqui
1356 2259 1388 2305 sc
1396 2233 1567 2306 abscondat
1576 2258 1598 2305 a
1608 2236 1711 2321 calore

728 2358 811 2453 ejas.
828 2359 919 2431 Ecce
930 2368 966 2430 et
981 2380 1048 2452 ego
1065 2360 1100 2431 in
1114 2360 1232 2433 ultime
1258 2358 1433 2454 peccantis
1453 2368 1558 2433 terrae
1578 2380 1709 2455 appen-

729 2478 806 2549 dice
818 2480 915 2565 sitns‚
936 2480 970 2550 in
986 2481 1170 2553 schismate
1190 2482 1286 2553 velut
1307 2502 1353 2553 ex
1372 2480 1575 2553 necessitate
1591 2489 1705 2567 natus,

729 2600 763 2669 iu
780 2600 903 2673 eodem
919 2624 982 2696 per
1005 2624 1116 2674 annos
1133 2606 1178 2673 50
1196 2624 1243 2674 ex
1266 2604 1443 2676 voluntate
1460 2604 1645 2689 volutatus,
1665 2625 1708 2675 eo

730 2722 977 2797 beneficiorum
1001 2734 1038 2796 et
1059 2726 1202 2799 allectus
1224 2726 1452 2799 Beatitudinis
1472 2730 1608 2802 Vestrae
1626 2749 1709 2821 erga

728 2850 922 2920 lluthenam
950 2851 1131 2922 ecclesiam
1157 2850 1274 2937 radiis,
1309 2873 1355 2922 ex
1384 2852 1599 2923 miseriarum
1631 2854 1708 2925 lacu

728 2982 919 3059 extractus,
934 2974 1102 3061 attrahor,
1118 2985 1156 3046 ut
1168 2974 1315 3069 pedibus
1341 2977 1569 3071 manibusque
1592 2980 1707 3051 revin-

729 3099 804 3184 ctis,
824 3098 869 3171 ad
891 3120 1007 3191 genua
1037 3098 1263 3170 Beatitudinis
1287 3100 1421 3173 Vestrae
1448 3124 1527 3173 cum
1558 3104 1709 3177 lacrimis

729 3232 939 3315 prosternar,
956 3231 992 3292 et
1010 3220 1086 3311 ejus
1115 3220 1220 3315 pedes
1241 3220 1432 3294 humillime
1452 3222 1647 3298 deosculer.
1665 3226 1707 3299 Et

728 3345 889 3437 quoniam
901 3343 995 3415 omni
1007 3344 1195 3417 verborum
1212 3344 1358 3437 ambage
1372 3346 1521 3439 reposita
1534 3356 1569 3418 et
1582 3346 1708 3420 haeresi

727 3468 944 3541 schismatica
966 3467 1135 3559 abjurata,
1164 3468 1213 3539 illi
1245 3468 1479 3542 obedientiam
1505 3469 1627 3557 reddo,
1658 3471 1707 3543 nil

725 3591 873 3686 amplius
891 3589 1010 3662 dicere
1033 3610 1185 3683 possum,
1201 3612 1307 3684 quam
1330 3591 1416 3664 illud
1436 3620 1444 3662 :
1461 3591 1568 3679 Pater,
1579 3593 1708 3689 peccavi

726 3712 938 3798 {nomana
966 3736 1075 3783 coram
1092 3725 1132 3785 te.
1156 3714 1230 3783 Noa
1253 3736 1325 3783 som
1341 3711 1458 3809 diqnus
1487 3716 1593 3785 uocari
1617 3712 1707 3813 filius

725 3846 810 3905 tous.
830 3834 991 3923 Tovem,
1008 3835 1209 3908 Rectissime
1230 3838 1344 3922 Pater,
1361 3836 1511 3908 dimissis
1531 3837 1616 3907 mihi
1627 3857 1708 3909 om·

724 3956 839 4044 nibus,
853 3980 1070 4053 quecunque
1083 3968 1202 4030 eontra
1214 3958 1274 4046 Te,
1287 3970 1513 4054 sanctamque
1527 3960 1619 4031 Petri
1636 3960 1706 4031 Se-

724 4076 817 4166 dem,
826 4092 1028 4153 aasanctam
1039 4080 1143 4155 fidem
1156 4101 1333 4154 romanam
1348 4082 1564 4168 catholicam,
1573 4094 1702 4180 mente,

722 4221 784 4272 ore
799 4213 835 4273 et
851 4204 983 4277 calamo
1005 4204 1158 4300 peccavi,
1179 4213 1213 4274 et
1228 4226 1308 4298 quae
1326 4207 1442 4279 omnia
1459 4207 1535 4277 sine
1552 4206 1700 4301 pudore,

723 4322 793 4395 Deo
806 4323 961 4413 J‘uvante,
992 4335 1178 4397 retractare
1200 4326 1291 4413 volo,
1316 4338 1353 4398 ut
1379 4329 1412 4397 in
1435 4349 1489 4398 me
1515 4326 1706 4400 occidendo
