4100 6009
1133 952 1297 1017 ηε.-

721 1162 873 1257 vitaeque
898 1163 1050 1256 propriae
1079 1162 1181 1254 (Deus
1204 1165 1290 1235 mihi
1306 1176 1340 1237 et
1358 1176 1614 1238 sacrosanctum
1634 1166 1710 1258 ojus

720 1305 860 1379 corpus,
876 1283 969 1379 quod
982 1284 1148 1377 indignus
1161 1296 1463 1382 sumpturussum‚
1486 1288 1594 1373 testis,
1614 1287 1709 1382 quod

597 1444 601 1451 ·
722 1426 792 1477 uon
805 1406 965 1500 mentior)
982 1415 1194 1501 anteponere
1222 1429 1279 1479 me
1304 1409 1456 1482 sciverit.
1481 1408 1647 1481 Ordinato
1659 1409 1709 1481 si-

722 1527 863 1621 quidem
878 1527 914 1598 iu
928 1550 1047 1600 amore
1065 1528 1300 1623 procedendo,
1319 1542 1439 1603 teneor
1461 1530 1628 1603 bonorem
1645 1532 1707 1602 Dei

723 1660 805 1722 aute
832 1650 960 1735 omnia,
991 1651 1139 1723 satutem
1170 1650 1299 1723 deinde
1322 1653 1473 1748 proximi
1504 1674 1708 1748 praeponere

723 1773 807 1845 vitae
823 1796 926 1860 mcae,
945 1773 1173 1869 corruptibili,
1193 1774 1309 1847 fluxae
1327 1785 1361 1846 et
1385 1775 1541 1851 caducae.
1564 1779 1708 1863 Quodsi

722 1918 808 1969 vero
818 1896 902 1968 tanti
913 1895 1119 1969 aestimauda
1128 1897 1220 1969 salus
1232 1898 1399 1991 cujusque
1412 1897 1573 1986 hominis,
1588 1901 1709 1994 quanti

724 2017 859 2092 Vestrae
887 2019 1202 2093 Reverendissimae
1222 2018 1451 2107 Pateruitatis,
1474 2042 1556 2114 quae
1574 2044 1709 2096 summe

725 2142 917 2237 proficuum
930 2154 1045 2240 potest
1061 2164 1137 2215 esse
1158 2141 1318 2214 ecciesiae
1333 2142 1395 2213 Dei
1411 2144 1708 2217 instrumentum?
1783 2158 1786 2163 ¹

780 2299 796 2337 a
814 2272 943 2343 Varum
957 2271 1083 2343 iterum
1100 2268 1185 2342 mihi
1197 2269 1322 2341 Vestra
1335 2270 1637 2345 Revereudissima
1650 2270 1710 2344 uis

723 2396 841 2471 trudet
868 2395 1059 2469 Pateruitas
1080 2416 1087 2459 :
1107 2392 1185 2465 lum
1205 2418 1254 2463 me
1280 2390 1339 2464 tibi
1368 2391 1542 2479 declaravi,
1561 2396 1636 2491 jum
1659 2419 1710 2466 me

718 2518 891 2615 propalavi
897 2543 1065 2614 opnoacm
1074 2540 1156 2587 meos
1170 2540 1315 2588 errores:
1334 2515 1478 2587 iuburore
1491 2516 1570 2587 vetto
1582 2542 1644 2612 pro
1659 2542 1709 2588 ec·

721 2638 829 2726 ciceia,
840 2655 873 2713 et
883 2639 1045 2713 desumo
1056 2638 1223 2711 resarcire.
1239 2638 1417 2733 Atquehic
1430 2640 1588 2735 inprimis
1602 2662 1708 2715 crare

725 2764 808 2835 mihi
822 2767 980 2838 Vestram
995 2762 1333 2838 Revereudissimam
1354 2763 1633 2835 Dominationcm
1654 2766 1713 2837 in-

721 2885 865 2973 cumbit‚
887 2886 1017 2981 utiqua
1031 2896 1158 2981 purast
1174 2908 1248 2972 oro,
1265 2897 1437 2980 quatenus
1451 2887 1575 2958 Vestra
1587 2886 1710 2958 Domi-

724 3011 818 3083 uatio
832 3033 922 3085 meae
946 3032 1091 3107 parcere
1112 3010 1326 3106 simplicitati
1342 3020 1377 3081 et
1394 3009 1585 3083 sinceritati
1608 3011 1706 3097 vetit,

723 3134 753 3206 si
768 3135 909 3228 quidex
926 3132 1127 3206 meisdictis
1139 3132 1294 3225 ejusdem
1310 3134 1439 3229 palatui
1456 3155 1525 3205 nou
1538 3131 1705 3205 arriserit.

774 3285 794 3320 u
805 3256 1068 3329 Reverberabar
1076 3279 1159 3329 sane
1167 3268 1202 3328 et
1215 3254 1443 3328 abstrahebar
1459 3254 1600 3343 abinde,
1616 3254 1709 3349 quod

722 3378 834 3453 tibere
856 3389 891 3453 et
912 3380 988 3452 siue
1012 3378 1212 3453 adulatione
1235 3379 1419 3451 veritatem
1443 3379 1601 3452 dicentes
1623 3398 1709 3470 gra-

722 3502 806 3573 tiam
823 3524 890 3575 nou
913 3502 1064 3576 habeant
1083 3503 1177 3597 apud
1193 3500 1362 3574 homiues.
1380 3501 1548 3588 Quoniam
1564 3501 1641 3575 tec
1657 3512 1711 3573 cst

722 3625 875 3698 conditio
891 3628 1063 3712 veritatis,
1084 3638 1121 3698 ut
1137 3648 1215 3699 eam
1228 3647 1365 3720 semper
1378 3624 1570 3698 iuimicitiae
1588 3646 1711 3721 perse-

723 3761 875 3843 quantur
887 3778 895 3838 ;
907 3751 994 3823 sicut
1007 3772 1071 3847 per
1083 3749 1315 3822 adulationem
1329 3748 1710 3844 perniciosaeamicitiae

722 3884 979 3967 comparantur.
991 3873 1156 3945 Libenter
1166 3872 1256 3944 euim
1265 3870 1360 3967 quod
1369 3872 1518 3945 deiectat
1533 3870 1706 3958 audimus,

723 4005 761 4065 et
775 3994 917 4066 offendit
938 4016 1040 4067 omne
1057 3994 1151 4090 quod
1171 3995 1341 4068 uolumus.
1361 3996 1504 4080 Verum,
1529 4017 1549 4067 e
1569 4004 1705 4078 contra,

725 4118 811 4192 iilud
834 4141 891 4191 me
914 4118 1072 4191 animat:
1095 4119 1154 4213 qui
1176 4119 1319 4215 corripit
1341 4119 1530 4205 homiuem,
1558 4118 1707 4211 gratiam

724 4251 843 4334 postea
857 4240 1011 4313 inveniet
1030 4239 1123 4336 apud
1137 4262 1215 4313 eum
1235 4242 1358 4335 magis,
1374 4263 1477 4337 quam
1493 4241 1550 4313 itte
1570 4240 1629 4334 qui
1644 4260 1706 4333 per

725 4362 855 4455 tinguae
871 4362 1106 4436 biandimenta
1125 4364 1264 4457 decipit.
