4100 6009
1108 898 1271 963 „gp-

594 1112 599 1121 '
700 1108 1085 1193 beatitudine‚demum
1112 1108 1147 1177 in
1173 1105 1416 1179 commuuione
1441 1108 1567 1201 speciei
1583 1108 1689 1180 ulter-

702 1239 821 1309 utrius.
842 1235 994 1307 Primum
1014 1232 1107 1303 enim
1125 1231 1309 1303 conciliatu
1326 1232 1438 1317 facile,
1472 1254 1520 1303 ex
1538 1255 1599 1305 ore
1615 1236 1692 1325 ejus

700 1359 907 1456 percepisse.
928 1355 1124 1429 &eundum
1141 1376 1188 1427 ex
1212 1365 1407 1449 praenotato
1426 1355 1584 1447 ejusdem
1608 1378 1690 1431 res—

702 1502 823 1578 ponso,
848 1480 941 1553 idem
958 1476 1089 1551 Graeois
1108 1487 1144 1548 et
1162 1476 1336 1562 Romanis,
1360 1478 1459 1549 salvo
1484 1478 1565 1571 igne
1583 1490 1690 1551 mate·

702 1606 793 1694 nali,
804 1604 954 1699 patuisse
962 1602 1021 1695 (t).
1039 1603 1206 1687 Quartum
1217 1599 1426 1693 quotidianis
1434 1601 1591 1673 eoelesiae
1603 1622 1691 1695 gre

700 1750 752 1801 0ae
774 1726 914 1823 hymnis
930 1723 1128 1797 omnimode
1148 1744 1347 1797 consonum.
1365 1723 1540 1809 Quintum
1561 1725 1689 1797 nostris

575 1916 579 1922 .
699 1851 771 1941 jam
785 1847 999 1944 temporibus
1011 1847 1046 1917 in
1063 1845 1312 1919 dissensionem
1324 1855 1515 1939 receptum,
1532 1868 1603 1919 non
1615 1848 1690 1920 sine

701 1973 887 2048 ἀλληλουιας
904 1968 1171 2041 concomitantia
1186 1996 1194 2054 ;
1217 1977 1255 2038 ut
1277 1968 1405 2039 latetur
1420 1967 1456 2037 in
1470 1968 1616 2062 epistola
1627 1988 1690 2041 stra

701 2090 746 2162 ad
759 2092 946 2186 Hypatium
962 2092 1101 2187 Pooiey‚
1117 2092 1316 2185 episcopum
1334 2089 1637 2163 Vladimiriensem
1653 2103 1691 2163 et

700 2214 1001 2307 metropolitanum
1024 2212 1247 2286 Kioviensem
1279 2223 1489 2283 memoratus
1527 2210 1686 2283 lleletius

702 2334 974 2409 Alexandrinus.
993 2334 1115 2407 Doueri
1128 2334 1234 2428 igitur
1246 2334 1349 2421 velle,
1369 2354 1484 2405 nonne
1504 2334 1608 2406 etiam
1621 2335 1687 2407 ista

701 2457 863 2551 dogmata
880 2462 980 2532 facile
1002 2468 1116 2532 essent
1138 2456 1375 2545 concilianda;
1395 2469 1431 2530 et
1447 2458 1684 2533 diversitatem

702 2580 813 2652 solum
838 2580 929 2652 inter
961 2582 1101 2655 Graecus
1128 2582 1368 2675 Romanosque
1399 2581 1534 2652 ratione
1561 2580 1685 2653 horum

701 2724 792 2789 esse,
823 2725 891 2775 non
917 2703 1214 2789 contrarietatem,
1248 2703 1345 2775 utin
1377 2703 1521 2799 epistola
1547 2725 1611 2777 sua
1638 2702 1684 2776 de

704 2825 782 2897 aliis
796 2827 908 2898 lassus
930 2829 1050 2898 esset?
1569 2882 1573 2889 ,

749 2949 881 3034 Quibus
900 2951 952 3023 sio
976 2948 1116 3035 habitis,
1136 2949 1205 3022 duo
1220 2950 1279 3022 hic
1296 2951 1331 3021 in
1346 2950 1490 3045 epistola
1504 2970 1609 3043 supra
1620 2970 1685 3045 po-

701 3073 766 3145 sita
782 3071 1030 3147 consideranda
1046 3072 1112 3143 sibi
1125 3072 1250 3144 videri.
1268 3072 1440 3160 Alterum,
1458 3094 1502 3143 ne
1514 3073 1587 3159 illa,
1604 3094 1684 3167 quae

700 3194 791 3267 ¹inter
808 3195 1010 3268 orientalem
1024 3206 1059 3267 et
1073 3195 1322 3269 occidentalem
1337 3194 1518 3267 ecelesiam
1531 3195 1683 3289 aliquam

701 3318 985 3415 disceptationem
1009 3330 1130 3392 tenere
1155 3318 1371 3406 viderentur,
1390 3318 1619 3391 indoctiorum
1636 3318 1682 3391 sit

703 3443 827 3517 illusio.
847 3444 1020 3531 Alterum⁷
1036 3463 1116 3516 eum
1136 3442 1249 3538 ipsum
1266 3442 1304 3513 in
1320 3442 1453 3529 Russia,
1478 3443 1563 3514 nihil
1578 3464 1683 3535 agere

701 3577 760 3639 aut
772 3567 891 3641 conari
902 3567 1066 3652 voluisse,
1079 3586 1185 3659 quam
1196 3576 1235 3637 ut
1248 3565 1426 3652 intereos,
1443 3565 1504 3659 qui
1514 3566 1682 3639 unitatem

699 3691 890 3785 cupiuntur
898 3688 1114 3785 profitentur,
1126 3700 1231 3783 atque
1244 3688 1332 3777 illos,
1344 3690 1405 3784 qui
1418 3690 1453 3760 in
1466 3710 1509 3762 ee
1522 3710 1589 3761 non
1602 3700 1682 3761 sunt

700 3820 736 3881 et
750 3823 891 3898 caetera,
904 3823 1053 3907 utsupra
1071 3810 1298 3898 declaratum,
1325 3832 1397 3906 pax
1414 3811 1528 3905 aliqua
1545 3821 1579 3882 et
1588 3832 1683 3905 sym·

701 3933 827 4026 phonia
841 3934 972 4007 institui
979 3933 1100 4030 possit.
1113 3932 1277 4027 Ideoque,
1294 3954 1436 4007 suasore
1451 3932 1538 4027 ipso,
1556 3954 1682 4006 unven-

698 4056 783 4128 dum
798 4056 943 4143 Russiae,
962 4078 1007 4129 ne
1030 4054 1205 4151 imperitia
1221 4074 1283 4127 sue
1305 4067 1365 4128 out
1385 4076 1464 4135 oum
1483 4056 1681 4129 illusionem

729 4331 767 4398 (l)
777 4331 890 4387 Tertium
902 4334 929 4387 in
939 4336 1092 4404 apographo,
1100 4352 1152 4405 quo
1162 4350 1224 4389 usus
1233 4350 1298 4401 sum,
1311 4334 1478 4389 desideratur.
1491 4334 1550 4387 Not.
1563 4336 1619 4387 edtt.
