4100 6009
1056 864 1219 926 ..20-

694 1074 762 1147 Sed
779 1073 814 1144 in
832 1074 897 1144 hac
912 1094 1008 1144 aurae
1024 1075 1200 1167 popularis
1213 1076 1387 1163 felicitate,
1403 1100 1445 1151 eo
1459 1080 1561 1176 longe
1574 1088 1631 1158 iu·

646 1198 797 1279 felicior,
816 1193 909 1288 quod
932 1193 1146 1265 inexhaustis
1163 1195 1349 1269 sudoribus
1366 1199 1500 1273 interna
1515 1226 1629 1279 mere·¹

646 1333 753 1392 retur.
772 1319 814 1389 Et
832 1338 916 1387 vero
931 1338 1009 1387 cum
1023 1316 1220 1390 Joachimns
1232 1319 1627 1420 Morochovski,episco

645 1467 710 1539 pus
725 1442 840 1515 unitus
852 1439 1198 1524 Vladimirieusisvir
1209 1444 1407 1537 praestantis
1419 1449 1626 1525 eruditionis

645 1566 864 1662 pietatisque,
883 1561 1076 1633 acatholico
1089 1563 1164 1653 ejus
1180 1564 1625 1650 Lomento,editoin1ucem

646 1691 735 1761 libro
750 1683 938 1783 Puriporio,
958 1685 1099 1757 modum
1120 1707 1162 1758 ac
1179 1687 1352 1798 medelam
1371 1692 1562 1783 posuisset;
1582 1696 1627 1769 si-

646 1810 784 1904 mulque
801 1807 982 1902 religiosus
998 1828 1020 1877 e
1037 1808 1206 1881 societate
1230 1812 1310 1882 Jesu
1329 1812 1452 1885 Petrus
1479 1814 1622 1910 Skarga,

644 1956 724 2007 cum
748 1932 899 2017 virtutis,
923 1941 998 2003 turn
1022 1930 1194 2004 doctrinae
1220 1933 1380 2021 eximis,
1405 1937 1625 2011 concionator

645 2058 737 2151 regis
751 2056 905 2128 Potoniae
921 2054 1143 2149 percelebris,
1162 2057 1321 2129 eamdem
1345 2060 1623 2147 lamentationem

643 2181 716 2254 suis
735 2178 945 2250 coercuisset
968 2179 1126 2273 scriptis;
1155 2181 1384 2268 Smotriscius,
1412 2185 1624 2279 pedetentim

644 2307 679 2377 in
694 2304 768 2375 zelo
781 2323 844 2373 suo
857 2301 1095 2394 languescere,
1111 2324 1298 2398 secumque
1312 2305 1435 2377 luctari
1448 2325 1621 2404 creperet:

645 2451 711 2501 nec
734 2426 908 2499 sufficiens
933 2425 1074 2498 veritati
1100 2428 1340 2516 confutandae,
1364 2429 1569 2504 Poliacdiam
1588 2435 1623 2506 in

644 2554 762 2628 libello
786 2550 936 2646 quodam
961 2573 982 2623 a
1009 2574 1047 2621 se
1072 2553 1261 2646 composito
1283 2564 1319 2625 et
1342 2555 1391 2627 sic
1412 2568 1622 2653 nuncupato,

642 2680 814 2754 occinere.
834 2681 944 2765 Quem
966 2676 1049 2747 dom
1072 2677 1284 2771 Ostrogiensi
1308 2679 1466 2752 sodalitio
1482 2691 1518 2752 et
1533 2682 1624 2755 Der-

645 2802 868 2875 manensibus
882 2813 955 2872 tum
969 2799 1194 2871 schismaticis
1206 2804 1383 2876 monachis
1397 2804 1622 2897 porrexisset,

644 2926 694 2996 itti
707 2924 840 3015 jndicio
860 2923 966 3019 ipsius
979 2920 1140 2994 eumdem
1157 2924 1379 3015 subjecerunt
1398 2925 1523 3020 prim0,
1546 2926 1626 2999 dein

643 3052 862 3144 impetratum
879 3048 960 3140 igne
972 3045 1191 3131 iimaveront,
1212 3060 1249 3119 ut
1263 3070 1332 3120 non
1346 3050 1423 3142 plus
1435 3071 1500 3121 nec
1521 3050 1622 3135 ultra,

642 3174 740 3246 visus
751 3172 902 3245 hominis
917 3192 998 3241 eum
1015 3170 1204 3262 aspexerit.

693 3297 861 3367 Memorat
875 3293 962 3387 ipse,
974 3292 1010 3362 in
1024 3314 1085 3363 sua
1105 3292 1177 3382 jam
1193 3293 1381 3365 catholicus
1393 3290 1560 3389 Apologia,
1576 3294 1625 3365 lu-

642 3416 864 3489 cubrationes
884 3435 905 3485 a
931 3433 969 3483 se
987 3414 1094 3484 iactas
1113 3422 1234 3485 contra
1256 3414 1422 3508 scriptum
1444 3412 1526 3484 Unio
1545 3414 1624 3486 inti'-

643 3536 802 3623 tulatum,
822 3545 943 3607 contra
959 3530 1136 3631 Diolopum
1151 3532 1230 3605 civis
1242 3533 1424 3606 Bresteosis
1436 3558 1508 3605 cum
1523 3532 1627 3606 sodali

646 3659 804 3747 vitamst,
829 3668 949 3731 contra
970 3654 1162 3729 Rediuiuum
1177 3657 1369 3755 Nulivoijieo
1390 3657 1543 3753 (rebeliis
1560 3660 1624 3731 iste

642 3782 845 3878 reipublicae
856 3781 1004 3853 Cosacns
1019 3780 1162 3873 fuerat),
1183 3790 1306 3852 contra
1316 3778 1488 3853 Politicom
1504 3779 1625 3852 dictem

640 3901 870 3999 ipocrurttt'um,
887 3914 915 3972 et
934 3899 1131 3973 devotionem
1151 3898 1284 3997 {reaper
1301 3926 1455 3973 amorum
1473 3899 1624 3974 ecclcsia-

640 4025 795 4098 sticorum
821 4022 1033 4111 Vticensium,
1063 4024 1227 4098 universa
1252 4026 1428 4099 unitorum
1451 4026 1620 4119 germina.

640 4153 734 4237 Quas
751 4150 787 4220 in
809 4148 922 4221 lucem
936 4148 1045 4222 edere
1070 4149 1230 4222 molitum
1252 4170 1290 4221 se
1313 4170 1379 4220 nec
1407 4150 1624 4243 refragrante

639 4270 789 4345 edidisse
811 4271 1035 4345 conscientia.
1063 4271 1212 4366 Attingit
1226 4268 1491 4369 Justificotiooem
1513 4278 1550 4341 et
1570 4268 1621 4340 si-
