4100 6009
1051 922 1214 991 ..1ss-

640 1111 816 1205 guineque
830 1108 897 1181 sibi
918 1109 1053 1200 juncto,
1068 1111 1134 1181 sub
1151 1133 1280 1184 annum
1298 1114 1386 1185 toot
1408 1114 1544 1186 Vilnam
1561 1137 1625 1209 pro

641 1231 828 1306 tractandis
837 1231 1039 1305 liberalibus
1051 1232 1315 1328 disciplinis,ad
1327 1235 1466 1308 Petrum
1474 1238 1623 1309 Societa-

640 1358 685 1430 tis
697 1359 778 1430 lesu
794 1356 925 1428 direxit
950 1356 1177 1429 academiam.
1200 1358 1303 1431 lsthic
1316 1359 1449 1453 aliquot
1472 1372 1626 1433 moratus

640 1478 753 1565 annis,
779 1478 1007 1571 rationalique
1024 1488 1150 1551 exacta
1168 1478 1387 1576 philosophia
1399 1502 1478 1553 cum
1495 1481 1624 1553 altiori·

640 1604 708 1675 bus
719 1602 886 1687 scientiis,
910 1601 961 1673 uti
976 1601 1103 1674 durum
1126 1602 1319 1676 schismatis
1336 1626 1481 1697 germen
1498 1604 1623 1700 prohi-

640 1726 797 1813 beretur,
824 1725 979 1797 curando
1016 1725 1176 1799 tirocinio
1202 1749 1341 1821 magnae
1371 1737 1465 1801 notae
1485 1728 1625 1819 juvenis

642 1858 745 1943 atque
761 1870 782 1921 e
799 1846 1011 1943 principibus
1026 1848 1180 1935 oriundi,
1195 1850 1258 1922 sed
1279 1850 1500 1935 schismatici,
1520 1850 1625 1923 Solo-

641 1972 798 2059 merecii,
815 1972 975 2045 admotus
992 1985 1059 2044 est.
1077 1972 1246 2058 Quocum
1268 1972 1304 2044 in
1317 1972 1488 2061 Silesiam,
1504 1974 1625 2047 Vrati·

642 2094 801 2181 slaviam,
827 2094 910 2167 inde
933 2094 1083 2191 Lipsiam
1106 2116 1147 2168 ac
1170 2094 1449 2190 Norimbergam,
1472 2096 1626 2191 aliasque

641 2215 680 2286 in
708 2215 866 2289 civitates
895 2228 931 2289 et
954 2217 1151 2291 academias
1191 2218 1394 2290 acatholicae
1431 2216 1624 2292 Germaniae

642 2340 865 2434 demigravit.
896 2343 934 2413 ln
963 2343 1019 2415 his
1050 2315 1364 2430 universitatibus,
1396 2342 1489 2414 dnm'
1509 2343 1626 2415 varias

643 2463 777 2536 aconito
803 2463 984 2537 haereseon
1008 2464 1158 2537 imbutas
1183 2473 1401 2537 consectatur
1429 2476 1533 2548 artes,
1552 2465 1626 2559 ipse

644 2605 782 2678 quoque
796 2584 892 2658 virus
920 2607 1041 2658 earum
1060 2586 1191 2658 intimis
1217 2587 1332 2659 hausit
1347 2586 1540 2659 visceribus
1556 2612 1564 2655 :
1580 2584 1627 2655 ita

645 2718 683 2779 ut
697 2708 922 2780 sectariorum
939 2708 1038 2780 laoile
1056 2708 1187 2804 primus
1199 2719 1412 2781 censeretur.

692 2829 875 2926 Postquam
883 2834 994 2904 sulum
1010 2854 1058 2904 ex
1071 2832 1253 2905 Germania
1262 2832 1423 2905 vertisset
1435 2832 1472 2903 in
1487 2830 1628 2903 Lithua-

645 2953 738 3041 niam
754 2965 790 3025 et
805 2956 1031 3050 palatinatum
1064 2958 1291 3030 Minscensem
1317 2958 1363 3051 (in
1381 2956 1479 3047 cujus
1494 2954 1628 3047 gremio

644 3073 937 3173 Solomerecium),
955 3078 1031 3149 sine
1050 3100 1147 3150 mora
1158 3079 1316 3150 aculeum
1334 3079 1371 3148 in
1383 3079 1418 3149 S.
1439 3078 1625 3149 Romanam

643 3197 825 3270 ecclesiam
851 3198 994 3293 ejusque
1024 3198 1269 3297 pedissequam
1286 3202 1446 3272 unionem
1475 3197 1624 3267 exeruit.

645 3318 934 3414 Quandoquidem
963 3324 1073 3397 laicus
1093 3324 1208 3396 adhuc
1230 3323 1346 3411 homo,
1366 3320 1464 3415 quasi
1490 3340 1628 3411 magnae

645 3444 858 3518 auctoritatis
887 3446 922 3518 in
956 3444 1026 3519 lide
1052 3446 1230 3541 magister,
1258 3456 1417 3518 vertente
1440 3442 1512 3535 jam
1539 3465 1629 3516 anno

648 3570 756 3655 t6t0,
796 3570 959 3643 volumen
992 3572 1204 3643 virulentum
1232 3568 1403 3663 concepit,
1444 3568 1628 3663 eidemque

646 3710 773 3760 nomen
791 3690 954 3788 Theophili
972 3688 1139 3787 oratotopi
1156 3692 1344 3762 Lomentum
1362 3688 1499 3762 indidit.

696 3814 926 3889 Solomerecio
942 3818 1123 3902 hlinscum,
1142 3826 1194 3888 sat
1214 3815 1387 3886 celebrem
1405 3822 1441 3884 et
1458 3824 1628 3888 vetustam

647 3938 882 4031 Ruthenisque
906 3938 1053 4012 obsitam
1086 3939 1277 4025 civitatem,
1304 3935 1385 4029 quia
1417 3936 1625 4028 proximam,

648 4061 777 4155 saepius
801 4083 1011 4149 commeans,
1042 4064 1208 4158 populum
1226 4060 1418 4156 simplicem
1432 4068 1468 4129 et
1489 4059 1626 4144 rudem,

648 4180 767 4253 intime
784 4183 851 4254 sihi
872 4186 1083 4258 conciliavit.
1101 4184 1271 4270 Quocirca
1284 4183 1329 4255 ad
1346 4183 1442 4253 illum
1460 4179 1569 4252 veluti
1584 4178 1628 4250 ad

649 4306 825 4378 oraculum
858 4308 1045 4395 confluere,
1081 4310 1124 4381 ab
1154 4309 1246 4381 illius
1272 4330 1332 4379 ore
1357 4308 1391 4377 in
1409 4306 1630 4397 dogmatibus
