4100 6009
773 980 935 1045 „47-

360 1200 470 1275 dum,
502 1190 637 1260 illustre
669 1188 850 1259 offuscavit
886 1188 1085 1282 ingenium,
1117 1192 1345 1285 refragantem

361 1310 464 1383 toties
486 1311 652 1404 repressit
673 1310 899 1382 volantatem.
917 1311 1072 1404 Denique
1093 1314 1248 1385 externis
1268 1336 1345 1387 cum

358 1431 570 1519 illomediis,
586 1455 666 1504 oum
686 1434 807 1504 vestra
829 1433 1066 1504 Dominatione
1088 1433 1158 1528 agit
1183 1434 1348 1506 Dominus

360 1553 517 1625 internis.
986 1631 992 1645 ,
1173 1628 1176 1633 ,

395 1675 496 1747 «Sed
510 1677 677 1749 obtendet
694 1680 814 1750 Vestra
828 1675 1128 1751 Reverendissima
1143 1679 1343 1753 Paternitas:

361 1798 428 1870 Fac
441 1799 643 1892 intelligam,
661 1801 746 1896 quid
759 1824 815 1873 me
836 1802 890 1874 vis
906 1808 1036 1896 agere?
1055 1802 1135 1873 Dixi
1156 1822 1176 1875 a
1195 1801 1349 1896 primor-

361 1923 443 2011 dim,
462 1946 520 1997 me
540 1924 623 1997 nihil
641 1927 697 2005 hio
715 1950 851 2012 eorum,
878 1947 959 2021 qaae
972 1948 1051 1999 mea
1071 1938 1166 2013 sunt,
1185 1926 1248 1998 sed
1266 1946 1347 2021 quae

360 2045 716 2142 soliuslleiquaerere.
732 2051 775 2129 [lt
787 2048 871 2120 dum
882 2050 942 2119 [lei
954 2049 1263 2144 honoremquaero,
1274 2050 1348 2122 ani·

361 2188 496 2240 marum
513 2171 660 2242 salutem
677 2194 838 2267 quaerere
851 2182 972 2243 teneor
987 2183 1022 2243 at
1036 2192 1170 2265 quaeru,
1181 2182 1348 2265 quantum

362 2291 397 2362 in
415 2315 471 2366 me
487 2304 552 2379 est,
572 2316 685 2366 meam
702 2316 942 2390 meorumque.
963 2295 1143 2367 Assenum
1165 2295 1257 2367 enim
1272 2306 1345 2367 est:

364 2413 431 2503 Qui
454 2414 683 2502 intereuntem,
709 2416 788 2492 dum
811 2431 922 2514 potest,
950 2442 1014 2488 nan
1036 2418 1145 2515 juvat,
1175 2416 1345 2491 interimit.

362 2537 506 2611 Codices
520 2560 606 2612 vero
623 2540 728 2625 sacri,
752 2542 855 2634 longe
870 2540 1028 2635 asperius
1046 2568 1053 2610 ε
1075 2536 1195 2613 Anime
1220 2553 1276 2611 tun
1291 2566 1350 2631 pru

359 2660 471 2733 anima
493 2664 588 2760 ejus:
606 2666 739 2737 seilicet
767 2665 827 2758 qui
860 2665 923 2735 tibi
956 2664 1130 2755 subjectus
1162 2664 1277 2735 luerit.
1306 2666 1349 2738 Et

361 2785 516 2858 iterum:
542 2785 716 2884 Unicuique
739 2785 930 2859 mandatum
958 2799 1007 2857 est
1033 2785 1071 2857 de
1098 2789 1252 2883 prumiam
1276 2810 1345 2860 sun

363 2912 494 2984 Vereor
506 2912 625 3007 itaqua
638 2934 682 2983 ne
695 2912 780 2982 milri
794 2912 951 2984 dicatur:
970 2912 1032 2982 lae
1045 2911 1186 3006 (ovium)
1202 2912 1348 2984 carnale·

361 3029 457 3117 ltatir,
471 3045 503 3103 et
516 3031 601 3105 ionis
616 3033 858 3131 operiebamini.
870 3034 1019 3104 Pastores
1032 3046 1149 3119 eutem,
1170 3034 1227 3133 qui
1242 3060 1295 3107 eas
1307 3032 1351 3106 ad

357 3155 812 3250 pasmcaacunitanonimbuta
824 3154 1024 3241 deducerent,
1041 3156 1149 3255 quieis
1161 3158 1349 3231 eseamoitoe

362 3293 502 3365 oetnnoe,
516 3304 580 3351 non
607 3304 766 3351 venenosae
784 3278 923 3364 dareris,
940 3305 1003 3349 non
1021 3278 1133 3374 insecti
1151 3278 1347 3365 schismatis,

361 3403 397 3474 in
421 3403 652 3499 sempiternam
678 3400 875 3475 detrudentes
892 3401 1119 3499 perditionem,
1133 3403 1348 3501 perciperent,

361 3552 426 3607 nan
450 3524 645 3624 providistis
671 3527 807 3622 (Ezeeh.
835 3527 898 3613 at,
929 3528 976 3621 3).
1006 3527 1055 3599 Ea
1074 3535 1216 3620 propter
1239 3524 1352 3599 libens

362 3651 488 3723 vellem
513 3650 670 3721 Vestram
691 3649 1030 3723 Reverendissimam
1055 3649 1347 3736 Dominationem,

360 3795 442 3866 qam
456 3773 530 3864 jam
551 3774 734 3845 veritatem
749 3773 906 3866 agnovit,
927 3793 1089 3865 eamque,
1107 3793 1163 3842 me
1177 3782 1349 3865 praesente

363 3896 568 3991 duobusque
583 3896 674 3982 aliis,
691 3907 815 3992 sponte
827 3896 982 3991 professa
992 3905 1057 3979 est,
1069 3916 1145 3967 esse
1160 3915 1295 3967 mecum
1314 3897 1349 3968 in

363 4020 497 4111 gremio
523 4027 755 4091 sacrosanctae
784 4016 904 4088 matris
937 4016 1108 4089 ecclesiae.
1142 4016 1227 4087 Cum
1257 4017 1349 4089 enim

364 4140 571 4236 perspiciam
601 4139 728 4211 animae
751 4137 827 4229 ejus
844 4139 990 4211 salntem
1020 4139 1166 4210 multum
1193 4139 1350 4215 ecelesiae

367 4266 426 4337 uei
454 4266 671 4361 prolaturam
688 4275 723 4335 et
740 4265 926 4335 multarum
952 4264 1158 4349 animarum,
1180 4286 1224 4334 ne
1237 4263 1350 4335 dicam

365 4389 596 4476 millenarum,
616 4388 710 4458 lucro
724 4388 889 4476 laturam,
911 4387 1039 4459 idcirco
1057 4408 1132 4458 eam
1160 4384 1351 4477 integritati
