4100 6009
816 845 996 941 -12'34

414 1099 478 1171 pro
500 1073 584 1147 fidei
601 1071 774 1168 capitibus
792 1072 834 1146 in
847 1073 1051 1157 ruthenam,
1063 1072 1213 1166 Gorgoni
1240 1073 1277 1150 in
1293 1094 1392 1166 grae-

414 1219 503 1286 cam,
523 1205 675 1291 receptae
692 1195 893 1267 ecclesiam!
918 1193 1087 1268 catholica
1112 1216 1196 1267 vero
1211 1195 1389 1290 dogmata.

415 1319 541 1414 quihus
555 1340 613 1390 eas
629 1317 890 1411 Apologetioum
906 1316 1096 1388 Smotnisoii
1111 1339 1279 1410 generose
1301 1339 1397 1391 oon-

414 1441 602 1535 quassavit,
614 1440 776 1512 miserum
786 1441 822 1511 in
831 1438 970 1512 modum
981 1439 1175 1535 profligata,
1185 1440 1388 1518 oonoideue!

464 1561 708 1656 thuidemid
721 1562 883 1636 facinoris
900 1581 1086 1656 paucorum
1096 1560 1286 1656 perfectum
1297 1572 1384 1634 arte.

416 1682 550 1777 Quippe
558 1683 738 1756 Boreooius
754 1693 794 1758 et
807 1682 949 1768 nonita,
968 1692 1051 1777 post.
1058 1682 1294 1758 transmissam
1310 1683 1390 1770 sibi,

416 1816 660 1904 septemanas
685 1805 856 1901 synodum
885 1803 1123 1891 hebdomadis,
1146 1826 1168 1878 a
1192 1805 1391 1879 Smotrisoio

419 1931 600 2006 ruthenico
620 1928 847 2024 conscriptam
873 1923 1077 2024 Apotoqtam,
1102 1928 1222 2001 accitis
1243 1929 1393 2025 Zyzanio
1519 2006 1528 2034 ι
1632 1992 1638 2002 .

417 2053 598 2139 monacho,
617 2051 868 2148 primoRussiae
885 2049 1130 2137 haeresiarcha,
1146 2051 1338 2124 inveterato
1354 2052 1396 2126 in-

418 2175 517 2250 malis
549 2195 631 2248 sene
662 2195 683 2244 e
717 2172 926 2245 monasterio
956 2171 1185 2261 Koreooensi‚.
1209 2174 1394 2249 Muzilovio

418 2299 737 2393 protopresbyterm
752 2295 920 2368 eoivitate
931 2294 1102 2378 *Sluoensi
1112 2295 1395 2370 adversariorum

419 2417 501 2490 fidei
530 2418 710 2492 catholicae
735 2415 982 2511 antesignanis,
1012 2437 1132 2488 mense
1156 2417 1293 2511 integro
1312 2429 1394 2496 anto

417 2538 605 2638 synodnmf
625 2541 768 2613 consilia
782 2540 873 2612 inter
886 2559 923 2609 se
945 2538 1171 2632 miscuerunt,
1197 2548 1234 2610 et
1257 2539 1399 2633 agenda

366 2735 372 2750 ,
419 2665 454 2735 in
481 2664 614 2760 synodo
640 2674 841 2738 sanxerunt.
871 2663 910 2734 in
941 2663 1121 2758 pervigilio
1153 2660 1298 2736 tandem
1325 2661 1394 2738 As-

418 2799 565 2885 sumptus
586 2789 621 2860 in
646 2790 754 2862 coelos
780 2787 943 2880 Virginis,
972 2787 1150 2881 negotium
1165 2786 1232 2861 hoo
1256 2799 1395 2864 uentum

418 2913 572 3006 quinque
594 2911 792 2984 distinctum
824 2909 1005 3004 capitibus,
1028 2910 1132 2982 unius
1160 2910 1258 2984 horae
1278 2911 1397 2997 fluxu,

421 3031 532 3104 trihus
545 3032 728 3129 episcopis,
748 3031 807 3127 qui
824 3031 882 3104 die
898 3031 1014 3104 illaad
1027 3033 1397 3127 monasteriumappu·

421 3156 534 3229 lerant
549 3156 770 3242 Peozarense,
786 3166 838 3227 sat
854 3166 987 3227 mature
1001 3154 1215 3250 pensandum
1230 3157 1395 3249 explana-

421 3289 557 3353 verunt.
591 3279 633 3350 Et
661 3279 845 3350 Boreccius
873 3277 1015 3372 quidem
1044 3277 1340 3371 metropolitanus,
1359 3289 1397 3352 ut

421 3425 519 3474 snam
533 3402 567 3474 in
591 3400 727 3497 synodo
741 3399 851 3474 edixit
868 3399 1086 3486 sententiam,
1115 3398 1276 3470 eumdem
1292 3399 1397 3474 etiam

421 3525 755 3620 esse'episoopornm
774 3545 927 3610 sensum,
942 3519 1099 3595 Zizanius
1111 3544 1197 3595 veno
1214 3522 1398 3619 presbyte-

422 3669 553 3733 rorum,
584 3648 838 3721 concluserunt.
860 3647 961 3720 Hisce
978 3667 1039 3718 eos
1054 3646 1327 3740 compellantes:
1350 3645 1398 3724 itu

421 3794 459 3841 ue
470 3767 572 3842 suncti
581 3773 718 3866 patrea?
734 3768 781 3842 ito
798 3794 837 3840 ue
853 3767 1030 3846 neves-uui
1047 3767 1206 3840 Domini?
1222 3771 1266 3842 Et
1287 3772 1397 3844 saneti

423 3903 556 3987 patres,
570 3892 1082 3978 neuuouReverendi·.Domini‚
1105 3894 1395 3985 nequesoientes,

424 4014 553 4108 dequo
575 4025 790 4110 rogarentur,
807 4016 926 4090 divino
942 4037 1004 4088 suo
1023 4014 1162 4088 oraculo
1180 4015 1226 4087 ita
1239 4018 1402 4094 uniuersa

424 4137 815 4236 firmaveruntideoque
833 4143 1049 4215 manifestam
1062 4142 1118 4216 vel
1131 4140 1212 4214 inde
1219 4143 1399 4238 collegeris

425 4263 537 4332 aversi
555 4282 574 4333 a
590 4263 658 4335 Deo
673 4264 868 4358 schismatis
880 4285 1034 4361 poenam,
1050 4263 1146 4359 quod
1162 4264 1197 4335 in
1211 4286 1251 4336 ea
1265 4265 1399 4360 synodo
