4100 6009
1078 1000 1241 1061 ..η-

665 1222 699 1283 et
716 1209 829 1284 docet.
850 1209 918 1280 Res
931 1207 965 1277 in
987 1228 1025 1277 se
1051 1206 1245 1291 laudabilis,
1262 1208 1324 1279 sia
1341 1229 1468 1300 magno
1481 1206 1539 1279 dat
1558 1208 1645 1293 viro,

662 1336 832 1427 majorem
860 1331 921 1411 ¹sui
957 1329 1062 1401 habet
1099 1330 1448 1404 commendationem.
1489 1333 1648 1404 Pulcrum

663 1458 921 1553 gloriosumque
935 1453 1036 1525 militi
1051 1454 1086 1524 in
1099 1464 1287 1549 conspectu
1305 1455 1403 1527 ducis
1419 1455 1553 1528 hostem
1569 1476 1649 1527 con—

665 1582 807 1665 iecisse;
832 1578 986 1673 pulcrius
1007 1589 1043 1648 et
1060 1577 1244 1669 gloriosius
1275 1580 1385 1672 ipsum
1407 1577 1544 1665 ducem,
1568 1590 1649 1651 ante

662 1702 870 1797 explicatam
884 1699 1009 1785 aciem,
1030 1699 1064 1770 in
1086 1698 1200 1771 hostili
1227 1721 1307 1771 suas
1332 1700 1499 1793 sanguine
1525 1721 1649 1773 manus

663 1825 920 1922 purpuravisse.
953 1823 1032 1895 Vox
1056 1821 1207 1894 hominis
1230 1823 1384 1895 suaviter
1400 1845 1541 1911 sonans,
1559 1842 1648 1915 gra-

663 1948 794 2021 tissima
817 1948 855 2019 in
884 1944 1027 2017 auribus
1042 1943 1233 2027 audientis;
1253 1942 1315 2017 sed
1331 1944 1499 2035 majorem
1515 1944 1568 2017 sui
1583 1966 1649 2015 ac-

662 2072 787 2168 quirit,
813 2069 953 2165 quando
981 2068 1092 2139 virtus
1121 2070 1241 2162 pulcra
1274 2069 1475 2165 procedite
1505 2090 1649 2166 corpore

662 2196 859 2288 (venustate
881 2190 1050 2287 personae)
1076 2190 1208 2284 pulcro,
1235 2192 1517 2264 aestimationem.
1550 2190 1649 2263 Haud

664 2315 795 2410 dispari
812 2312 959 2399 ratione,
974 2311 1136 2383 dolorosa
1157 2310 1286 2383 animae
1305 2312 1406 2386 unius
1423 2312 1591 2409 perditi0;
1613 2324 1648 2385 at

665 2442 769 2534 longe
795 2437 905 2531 magis
934 2435 1110 2521 dolorosa,
1128 2434 1213 2507 dum
1236 2436 1376 2530 periens
1394 2458 1464 2508 una
1483 2438 1649 2532 plurimas

664 2564 780 2662 perdit
797 2563 895 2635 aiiaa.
919 2560 1054 2636 Dedere
1072 2580 1211 2653 aequum
1228 2581 1334 2631 unum
1348 2571 1550 2654 pereuntem
1564 2564 1650 2633 sim-

665 2687 804 2780 plicem;
824 2682 886 2754 scd
904 2683 1012 2753 multo
1029 2680 1165 2774 aequius
1179 2682 1283 2752 talem
1299 2692 1502 2775 pereuntem
1519 2682 1650 2755 deflere

665 2831 795 2893 unum,
824 2807 884 2900 qui
900 2806 1107 2877 sufficientia
1128 2826 1197 2876 non
1216 2805 1385 2899 pereundi
1399 2804 1506 2879 habet
1522 2807 1648 2893 media,

664 2930 879 3001 intellectum
907 2928 1152 3014 illuminatum,
1172 2928 1385 3000 voluntatem
1403 2928 1494 3000 bene
1508 2938 1649 3016 motam,

665 3059 847 3131 instinctus
861 3067 898 3128 et
924 3054 1166 3149 inspirationes
1188 3056 1292 3127 sortes
1317 3068 1352 3127 et
1369 3058 1522 3144 validas;
1547 3069 1582 3130 et
1602 3079 1649 3128 ex

664 3202 707 3253 eo
721 3180 803 3273 quia
817 3179 891 3273 ipse
907 3178 1010 3273 perit,
1033 3177 1305 3251 innumerabiles
1321 3201 1340 3250 a
1357 3179 1427 3251 Deo
1449 3189 1595 3265 creatas,
1614 3190 1649 3251 et

664 3303 817 3397 pretioso
848 3299 924 3391 ejus
942 3302 1124 3393 sanguine
1141 3312 1315 3374 recreatas
1332 3303 1463 3373 animas
1479 3301 1603 3397 perdit.

713 3422 919 3518 «Numquid
932 3424 1036 3495 etiam
1046 3425 1180 3497 Vestne
1197 3424 1511 3497 Reverendissimaa
1528 3426 1651 3497 Peter-

665 3548 764 3619 nitati
783 3547 851 3641 (cui
866 3527 944 3631 soii,
974 3558 1012 3617 ut
1027 3568 1111 3619 vere
1125 3546 1289 3632 dixerim,
1309 3548 1401 3619 inter
1423 3547 1527 3639 hujus
1543 3569 1651 3621 uoce—

664 3671 767 3743 tionis
795 3669 1022 3744 clandestinae
1051 3670 1172 3756 socios,
1195 3671 1414 3767 episcopatus
1430 3673 1569 3745 nomine
1583 3672 1651 3745 de-

663 3803 820 3875 coratos,
860 3792 976 3868 virum
1011 3814 1088 3865 esse
1130 3793 1256 3869 litteris
1294 3793 1466 3869 imbutum
1496 3796 1647 3891 obtigit),

664 3913 831 4006 numquid
844 3914 890 3986 ad
906 3937 967 3987 cor
979 3939 1048 3990 non
1062 3918 1235 4009 suggessit
1252 3919 1488 4013 Omnipotens
1504 3932 1542 3990 ut
1557 3941 1651 3991 erro·

662 4057 738 4107 rem
755 4050 960 4130 agnosceret
984 4044 1112 4111 suum?
1143 4038 1383 4112 Proficiscatur
1412 4062 1497 4135 ergo
1527 4044 1649 4115 Vestra

663 4157 966 4233 Reuerendissima
978 4162 1237 4247 Dominatioeo‚
1255 4162 1314 4234 ubi
1332 4162 1434 4234 sedes
1448 4164 1649 4256 dogmatum

658 4280 749 4361 ‘ritus
769 4282 876 4381 graeci
908 4284 952 4353 ab
979 4284 1126 4357 ecclesia
1143 4287 1301 4381 Romana
1313 4287 1435 4357 avulsi.
1460 4286 1499 4357 Et
1514 4310 1595 4359 cunr
1609 4310 1650 4361 eo

666 4404 815 4489 venerit,
834 4404 930 4502 quid,
949 4427 1082 4503 quaeso,
1116 4409 1314 4480 invenerit?
1327 4411 1425 4480 Certe
1443 4410 1533 4481 unde
1552 4412 1647 4481 sota-
