4100 6009
772 898 935 960 „55-

361 1108 445 1209 quod
451 1120 674 1204 perustarum
689 1104 748 1178 tibi
759 1118 806 1177 est
821 1104 1024 1203 impossibile,
1035 1130 1097 1201 prr
1109 1108 1254 1205 qratiam
1266 1113 1343 1209 ejus,

362 1260 424 1305 uon
435 1232 537 1303 solum
550 1229 710 1327 possibile,
731 1227 787 1301 sed
806 1229 905 1302 atium
920 1227 1015 1324 sutile
1024 1228 1104 1327 ῥοὴ.
1115 1230 1223 1304 ‘lumen
1239 1235 1346 1306 scien-

364 1354 429 1439 tioe,
454 1367 493 1425 ut
514 1378 588 1424 cum
614 1350 727 1443 omnia,
748 1351 820 1424 bene
843 1350 966 1448 samiis,
994 1377 1123 1425 scrutur
1150 1356 1347 1429 intuentem

358 1489 474 1573 putes;
488 1488 520 1547 et
538 1472 695 1573 quidquid
714 1471 788 1545 loni
803 1474 839 1544 in
861 1486 890 1544 tc
906 1473 1076 1559 inveneris,
1101 1474 1154 1547 itti
1172 1477 1309 1567 tribuas,
1326 1504 1348 1549 o

362 1626 425 1699 quo
439 1626 529 1672 omne
548 1596 662 1669 donum
676 1610 736 1669 est.
757 1597 798 1667 tn
815 1596 921 1667 tribus
937 1596 1014 1669 istis
1027 1595 1137 1669 dorem
1156 1612 1183 1671 te
1202 1598 1347 1698 Spiritus

363 1738 491 1796 sanctos
509 1723 615 1794 unuin
636 1747 705 1819 quc
719 1719 881 1817 pertinent
900 1718 944 1792 od
966 1720 1115 1794 solutam
1136 1725 1207 1797 Hoc
1225 1748 1347 1822 precor

365 1846 502 1932 intimo,
520 1846 721 1929 christiano,
736 1854 882 1940 paterno
896 1844 1003 1916 corde
1017 1846 1152 1917 Vestrae
1164 1848 1347 1922 Reveren-

364 1966 517 2041 dissimae
530 1967 774 2039 Dominationi.
795 1969 917 2039 Datum
934 1965 1070 2039 Duhnae
1084 1968 1222 2064 raptim,
1242 1972 1287 2040 te
1301 1970 1348 2040 le·

364 2092 497 2164 bruerii
517 2086 623 2164 ⁴627.
654 2117 672 2158 n

414 2212 582 2285 Libellum
591 2212 696 2285 istum
704 2233 788 2284 sene
800 2213 1031 2308 praelongnm,
1046 2213 1107 2287 sed
1121 2214 1249 2287 animo
1263 2214 1345 2287 ssuc-

368 2337 477 2409 tuanti
495 2336 806 2432 pernecessarium,
824 2337 1017 2430 epolonico
1031 2338 1065 2409 in
1078 2338 1200 2411 latium
1218 2340 1348 2414 idioma

367 2461 502 2535 sincere
526 2460 729 2533 translatum
745 2470 782 2532 et
798 2460 961 2556 propriis,
975 2478 1051 2534 mon
1075 2462 1215 2535 aliunde
1230 2465 1349 2558 petitis

369 2583 667 2679 peristromatibus
681 2593 888 2656 exornatum
905 2584 1068 2678 proposui
1086 2611 1093 2655 :
1113 2594 1151 2656 nt
1165 2597 1202 2657 et
1216 2608 1347 2673 meme

369 2705 421 2775 ria
438 2704 640 2790 doctissimi,
662 2705 777 2799 deque
795 2704 920 2777 unione
943 2705 1155 2778 meritissimi
1180 2706 1292 2796 ducis,
1312 2720 1347 2781 et

368 2828 550 2902 conversio
574 2828 768 2920 gravissimi
796 2828 1026 2923 persecutoris
1054 2829 1224 2917 ecclesiae,
1249 2832 1346 2904 Smo-

366 2950 487 3037 triscii,
506 2972 596 3025 serae
608 2950 799 3045 posteritati
816 2952 927 3045 magis
943 2952 1158 3025 inclarescat.

414 3072 525 3157 Quem
543 3082 766 3167 posteaquam
788 3073 952 3145 februarii
973 3075 1019 3147 22
1042 3074 1251 3169 accepisset,
1274 3086 1346 3149 tota

366 3193 472 3275 (lieet
488 3205 591 3266 nocta
617 3194 842 3289 consequenti
859 3196 968 3267 volvit
985 3195 1215 3291 resolvitque.
1235 3197 1349 3291 Seque

368 3317 478 3413 ipsum
497 3319 532 3390 in
554 3338 610 3405 eo,
635 3318 732 3389 velut
753 3319 787 3389 in
814 3318 1148 3414 tersissimosrepius
1166 3319 1348 3393 scitorum

366 3442 520 3537 inspexit
540 3442 766 3537 respexitque
785 3444 940 3538 speculo,
963 3444 1175 3516 inhaerentes
1198 3446 1350 3519 maculas

367 3565 603 3660 contemplans
614 3564 807 3655 obtutibus,
824 3566 979 3639 irrorans
990 3566 1153 3653 lacrimis,
1163 3565 1350 3661 detergens

367 3689 566 3785 propositis!
582 3691 655 3763 Nec
668 3711 784 3776 mora;
802 3690 838 3762 in
855 3712 893 3763 se
906 3712 1068 3763 reversus
1080 3688 1207 3782 surgit3
1224 3688 1348 3762 ducem

368 3812 404 3888 in
431 3811 619 3885 crastinum
648 3811 735 3898 adit,
761 3811 867 3886 corde
896 3822 932 3884 et
956 3833 1018 3884 oro
1035 3821 1072 3883 et
1091 3810 1213 3897 oculis,
1233 3812 1350 3907 poeni-

368 3935 538 4022 tentibns,
556 3934 751 4021 orantibus,
770 3934 986 4031 plorantibus
1003 3944 1153 4029 perorat.

418 4055 533 4152 Atque
564 4058 745 4153 imprimis,
777 4058 858 4131 duci
884 4057 948 4153 ipsi
976 4056 1216 4145 ferventiores,
1248 4076 1349 4151 quem

370 4180 529 4266 fusiores,
558 4204 622 4276 pro
646 4180 792 4253 ardente
814 4202 895 4267 sua,
914 4180 960 4253 ob
981 4202 1135 4254 amorem
1150 4182 1213 4253 Dei
1234 4193 1270 4254 et
1285 4202 1351 4255 ec-

369 4302 498 4387 clesiae,
534 4325 617 4375 cura
653 4305 786 4390 salutis,
826 4303 956 4397 gratiss
990 4304 1074 4397 egit.
1110 4303 1195 4375 Dein
1219 4304 1348 4388 omnia,
