4100 6009
1082 898 1233 963 48-

673 1116 822 1190 nemque
847 1104 1018 1180 sannam,
1045 1096 1203 1185 jamtum
1218 1095 1379 1168 meditari
1402 1108 1597 1191 occeperat,
1616 1110 1652 1171 et

620 1239 625 1245 ‘
672 1240 752 1289 curn
779 1217 884 1290 Saudo
896 1216 1013 1290 dicere
1030 1242 1038 1285 τ
1056 1216 1201 1303 Domine,
1226 1218 1306 1316 quid
1323 1245 1372 1289 ore
1391 1217 1442 1289 uis
1461 1217 1589 1315 succro?
1608 1222 1652 1293 Et

595 1435 597 1438 Ι
671 1342 869 1437 quodopus
886 1340 932 1415 de
956 1340 1038 1414 fidei
1068 1343 1224 1416 articulis
1249 1344 1364 1418 moliri
1389 1344 1501 1420 Vilnae
1528 1345 1649 1439 coepit,

674 1460 950 1561 Cotdeodesmspae
962 1461 1147 1537 orthodocoe
1176 1467 1318 1541 nomine
1342 1455 1501 1559 insigniri
1517 1467 1648 1553 volnit;

669 1586 716 1658 de
731 1586 860 1660 eodem.
871 1588 990 1674 etiam,
1008 1587 1093 1660 dum
1108 1591 1258 1683 ingeret,
1274 1588 1481 1662 laboriosam
1495 1610 1565 1661 non
1577 1588 1648 1661 de—

672 1711 784 1805 posuit
801 1710 926 1783 mentis
941 1711 1181 1804 agitationem,
1196 1711 1259 1783 scd
1274 1711 1320 1784 ad
1328 1711 1531 1785 umbilicum
1543 1710 1652 1785 dedu*

670 1852 751 1905 cere
767 1832 925 1906 nauseet
939 1845 975 1906 et
991 1833 1152 1907 deduxit.
1164 1834 1249 1907 Cum
1262 1856 1332 1929 quo
1348 1835 1385 1907 in
1399 1832 1544 1906 orientis
1559 1853 1650 1927 quo-

669 1978 739 2051 que
754 1958 929 2049 regiones,
941 1958 1013 2049 jam
1034 1960 1137 2031 aoso
1163 1958 1284 2032 fortius
1300 1965 1493 2051 pertractus
1509 1964 1545 2029 et
1557 1958 1648 2029 ube—

670 2080 743 2153 rius
768 2080 995 2167 illuminatus,
1023 2102 1064 2154 ac
1086 2090 1241 2154 sanctam
1270 2080 1438 2153 anhelans
1470 2080 1646 2166 unionem,

669 2202 768 2297 quasi
792 2204 915 2276 Sauim
935 2202 1109 2275 Ananiam
1129 2201 1354 2296 quesituras,
1376 2202 1596 2298 peregrinari
1612 2202 1648 2271 in

668 2325 820 2398 animum
836 2326 976 2399 Induxit
992 2348 1091 2397 suum
1105 2350 1113 2393 :
1126 2336 1164 2398 ut
1176 2334 1414 2422 pernosceret,
1433 2346 1539 2419 quam
1554 2322 1645 2394 bene

668 2449 816 2521 antehac
844 2449 1070 2537 credidisset,
1099 2459 1134 2521 et
1166 2449 1252 2543 quid
1279 2449 1424 2545 posthac
1454 2446 1653 2521 crediturus.

668 2578 771 2640 esset.
796 2570 927 2663 Hisque
948 2570 1109 2663 cognitis,
1126 2580 1289 2664 unquam
1304 2578 1435 2665 pastor,
1452 2566 1646 2662 etquidem

668 2690 902 2765 liuthonorum
926 2694 1122 2787 praecipuus
1138 2672 1268 2787 pastor,
1285 2692 1440 2765 Russiam
1454 2690 1616 2765 edoceret
1636 2721 1643 2763 :

667 2816 866 2910 dogmatum
896 2816 932 2887 in
957 2836 1035 2889 eam
1064 2815 1307 2889 hereticorum
1332 2816 1556 2911 farraginem,
1585 2837 1648 2910 per

668 2937 814 3011 insulsos
840 2938 1012 3012 invectam
1036 2938 1236 3033 scriptores
1258 2937 1356 3031 quasi
1379 2939 1459 3009 velo
1487 2936 1644 3023 reducto,

667 3057 965 3121 commonstraret.
999 3049 1135 3143 Quippe
1159 3048 1195 3133 hi
1216 3069 1280 3143 per
1305 3047 1446 3142 triginta
1475 3068 1647 3121 annorum

667 3172 850 3244 decursum
861 3174 989 3245 misere
998 3172 1091 3244 illam
1100 3172 1349 3266 discerpentes,
1368 3170 1554 3244 venenosis
1571 3172 1648 3241 ine-

668 3315 811 3367 scavere
825 3294 985 3390 perfidiae
998 3296 1240 3369 documentis:
1261 3303 1299 3366 ut
1311 3294 1356 3367 ab
1377 3294 1507 3367 unione
1523 3302 1644 3365 sancta

567 3480 571 3488 .
666 3439 753 3490 cane
768 3418 867 3513 pejus
878 3429 914 3491 et
926 3439 1040 3514 angue
1049 3420 1435 3513 abhorresceret‚atque
1448 3416 1647 3491 obsohisma

668 3548 704 3609 et
719 3538 872 3615 haereses
879 3540 1066 3637 deperiret.
