4100 6009
1099 857 1281 924 -ttt-

762 1076 855 1150 Talia
867 1076 1084 1150 Smotriseius
1095 1076 1140 1149 ad
1152 1077 1351 1150 Borecoium
1370 1076 1672 1172 metropolitanum

714 1199 801 1287 Quae
813 1221 898 1272 vero
913 1212 1117 1296 sequuntur,
1131 1201 1177 1273 ad
1189 1199 1351 1273 Mobilam
1366 1199 1686 1285 archimandritam,

712 1315 810 1396 ducis
821 1323 1003 1397 Moldaviae
1020 1323 1150 1395 lilium:

769 1425 993 1536 «injunctum
1013 1445 1080 1519 sibi
1095 1444 1131 1518 el
1142 1445 1215 1537 jam
1232 1445 1420 1542 perfeetum
1438 1445 1574 1516 mittere
1586 1464 1686 1538 opus:

714 1567 749 1637 in
763 1586 834 1658 quo
851 1567 900 1639 ita
912 1589 950 1640 se
964 1567 1210 1670 elaboravisse,
1228 1579 1267 1640 ut
1280 1569 1414 1641 llnssiae
1430 1565 1580 1639 labentis
1595 1573 1690 1637 tem-

714 1708 780 1784 pus
795 1693 830 1760 et
842 1689 936 1764 salus
952 1688 1166 1788 postulasset.
1188 1693 1229 1764 Et
1250 1698 1382 1764 eertum
1399 1712 1488 1777 esse,
1503 1690 1693 1784 quemlibet

714 1811 789 1899 Dei,
807 1812 969 1906 proximi.
995 1815 1186 1912 'salutisque
1213 1825 1387 1887 amantem
1415 1835 1504 1899 suae,
1531 1813 1581 1885 ita
1601 1812 1693 1883 melo

715 1935 848 2008 Russiie
865 1948 1138 2040 compassurum,
1154 1947 1191 2010 ut
1203 1937 1336 2009 mederi
1350 1937 1399 2008 illi
1410 1934 1507 2007 velit.
1520 1935 1599 2008 Alto
1611 1953 1692 2006 eum

715 2035 922 2151 prognatum
935 2061 1117 2155 sanguine,
1128 2063 1197 2133 alto
1209 2069 1425 2133 muneratum
1435 2056 1578 2149 judidio,
1589 2057 1693 2150 longe

716 2179 836 2252 altiora
856 2193 1049 2275 parantem,
1067 2181 1113 2257 ad
1128 2185 1213 2256 satis
1226 2183 1331 2255 altam
1347 2181 1479 2256 Russiae
1490 2179 1694 2274 amplitudi-

716 2319 810 2387 nem,
829 2301 937 2376 Deum
957 2303 1139 2379 Dominum
1159 2305 1360 2378 sublevasse
1379 2327 1387 2371 :
1412 2313 1449 2376 ut
1468 2323 1516 2374 ex
1531 2302 1601 2375 alto
1614 2301 1695 2373 lon-

716 2423 795 2516 gius
808 2427 1027 2521 prospiceret.
1048 2429 1169 2525 Neque
1188 2429 1333 2520 alicujus
1348 2428 1486 2524 privati,
1512 2425 1575 2499 sed
1591 2426 1695 2499 totius

718 2546 865 2619 nationis
881 2545 974 2620 bono
997 2551 1203 2624 consuleret.
1237 2551 1340 2623 Proin
1370 2547 1580 2622 eonscieutla
1603 2545 1694 2619 duc-

718 2667 818 2756 trice,
835 2692 939 2764 quam
956 2692 1074 2744 amore
1086 2672 1206 2746 divino
1227 2695 1350 2768 purum
1367 2673 1401 2744 in
1414 2673 1528 2745 anima
1544 2679 1695 2765 gestaret
1812 2683 1823 2700 ·

718 2810 818 2883 pura,
838 2787 1016 2886 idageret,
1038 2804 1076 2866 ut
1101 2796 1234 2890 eosqui
1248 2794 1366 2869 Deoet
1380 2795 1520 2868 veritati
1534 2793 1695 2868 oblucta-

718 2921 859 2999 reutur,
896 2920 1143 3012 compesceret.
1180 2920 1260 2993 Esto
1293 2920 1485 2991 inveterata
1515 2917 1692 3004 valetudo,

718 3031 850 3127 aliquid
875 3036 968 3110 laesis
998 3040 1258 3114 malaevolorum
1290 3039 1496 3114 obtenderet
1525 3041 1645 3125 oeulis,
1661 3049 1697 3111 et

720 3156 810 3228 tueri
827 3179 865 3230 se
881 3162 1044 3256 quapiam
1072 3165 1239 3238 niteretur
1263 3165 1408 3237 ratione.
1441 3165 1476 3235 Si
1502 3161 1588 3260 quid
1604 3165 1696 3236 ineo

722 3275 843 3351 falsum
860 3291 950 3355 esset
966 3305 1085 3380 opere,
1106 3287 1143 3359 in
1158 3286 1233 3379 eius
1269 3295 1387 3360 rueret
1402 3297 1523 3381 eaput;
1542 3287 1572 3360 si
1588 3295 1697 3360 totum

722 3416 865 3512 verum,
900 3402 1120 3481 defensorem
1153 3410 1228 3502 ejus
1260 3418 1392 3502 egeret.
1429 3409 1573 3482 Gentem
1600 3427 1696 3482 suam

723 3516 896 3599 lethaliter
915 3527 1142 3621 laborantem,
1172 3531 1240 3605 nisi
1267 3525 1434 3624 ejusmodi
1458 3533 1551 3604 ferro
1574 3533 1619 3605 ab
1641 3533 1699 3605 ul·
1828 3629 1833 3636 Ι

725 3645 862 3724 eeribus
897 3674 976 3728 ossa
1009 3656 1239 3731 erodentibus
1269 3667 1517 3752 compescatur,
1561 3667 1699 3733 sensum

726 3773 901 3864 nunquam
934 3770 1151 3867 habituram
1187 3778 1249 3853 sed
1278 3780 1323 3854 de
1354 3771 1412 3852 die
1442 3780 1476 3850 ln
1512 3780 1617 3869 diem,
1642 3805 1701 3854 ve

727 3886 777 3961 lut
804 3902 934 3970 testere
972 3900 1114 3974 ineisaln
1137 3902 1417 3990 consumendam,
1452 3911 1487 3974 et
1515 3915 1595 3977 cum
1618 3927 1700 3978 ma-

727 4008 801 4087 litia
816 4027 878 4092 sua
902 4022 1185 4118 extinguendam.
1214 4027 1333 4100 lotam
1353 4026 1446 4098 enim
1470 4027 1614 4100 internis
1642 4037 1702 4102 no

728 4141 851 4216 dorum
869 4143 1107 4244 theologorum
1128 4152 1275 4225 obsitum
1291 4151 1453 4240 vomicis,
1473 4146 1702 4250 feditatisque

730 4281 802 4336 sure
841 4269 991 4377 penitus
1016 4274 1198 4366 ignaram,
1237 4285 1273 4348 et
1303 4277 1443 4372 insuper
1474 4276 1519 4348 de
1551 4276 1699 4365 eadem,
