4100 6009
771 955 954 1022 -ill-

371 1171 498 1242 virtute
512 1167 714 1263 praesignes.
732 1167 845 1240 Exciti
865 1165 1044 1260 religionis
1058 1165 1242 1241 Basilianae
1255 1189 1351 1261 prae-

370 1293 461 1387 cipui
482 1301 518 1363 ct
535 1293 563 1363 'a
588 1292 682 1364 clero
710 1289 878 1385 primarii,
912 1309 982 1386 uon
1012 1289 1127 1361 minus
1155 1290 1352 1365 eruditione

370 1425 475 1511 quant
487 1416 614 1510 pietate
627 1413 815 1508 conspicui.
836 1414 1056 1507 Numeroque
1073 1413 1119 1486 ad
1138 1425 1277 1487 centum
1293 1438 1354 1489 ca-

372 1539 441 1632 pita
454 1538 606 1610 universi
620 1536 862 1610 censebantur.
882 1536 1042 1609 Meletius
1066 1535 1169 1608 etiam
1199 1537 1350 1610 Smotri-

369 1662 475 1749 scius,
489 1659 748 1734 strenuissimus
766 1659 892 1732 suturae
904 1659 1027 1754 synodi
1046 1660 1156 1754 pugil,
1181 1661 1352 1734 adversa-

371 1784 442 1857 rios
469 1803 637 1880 perquam
668 1778 772 1854 avido
794 1781 1071 1876 praestolabatur.
1094 1784 1223 1856 Verum
1242 1783 1354 1855 enirn-

370 1927 451 1978 rero
463 1917 533 1978 tam
549 1925 686 1998 magum
706 1903 814 1998 regiae
828 1925 936 1990 curae,
957 1914 1074 1978 tantus
1089 1905 1245 1978 virorum
1262 1926 1352 2000 prae·

369 2031 566 2104 callentium
596 2050 798 2114 concursus,
815 2039 885 2100 tam
905 2027 997 2122 longi
1024 2028 1160 2102 itineris
1184 2029 1353 2101 exantlati

371 2153 527 2238 labores,
556 2161 606 2224 tot
622 2160 657 2222 et
675 2160 781 2222 tantae
812 2149 933 2222 effusae
961 2150 1147 2245 impensae,
1181 2153 1349 2224 incassum

370 2275 503 2360 abiere,
527 2295 595 2344 non
626 2272 907 2367 comparentibus
940 2272 1100 2343 clamosis
1128 2273 1163 2342 iu
1192 2295 1255 2346 suo
1281 2274 1351 2345 luto

370 2399 474 2469 ranis.
498 2397 567 2468 Soli
580 2396 775 2481 Vilnenses,
795 2394 858 2467 sed
875 2393 1018 2467 minoris
1045 2394 1257 2466 auctoritatis
1275 2415 1352 2466 rno-

370 2519 473 2591 nacbi
490 2527 558 2590 ete
574 2517 733 2590 sodalitio
751 2516 921 2604 nonnulli,
948 2537 1070 2588 causas
1090 2516 1249 2611 providae
1266 2539 1351 2590 suo-

370 2663 447 2714 rum
461 2640 629 2712 absentiae
646 2651 820 2728 texentes,
835 2639 989 2712 adsuere.
1017 2639 1187 2711 Nimirum
1200 2638 1256 2736 qui
1270 2638 1352 2710 mole

328 2757 334 2772 '
368 2762 449 2858 nqit,
465 2759 533 2833 odit
553 2757 676 2830 lucem:
695 2773 723 2830 et
746 2786 810 2831 ooo
835 2758 921 2832 veuit
950 2757 993 2833 od
1021 2759 1129 2844 luoem,
1156 2775 1193 2831 ut
1209 2786 1272 2831 ooo
1286 2786 1351 2832 or—

368 2900 512 2984 quaotur
528 2909 624 2982 opero
639 2885 720 2982 ojus.
740 2886 902 2958 Rutscius
921 2895 1037 2958 aulem
1053 2884 1349 2980 metropolitauus,

369 3013 403 3083 iu
418 3011 609 3084 cathedrali
625 3011 873 3108 archiepiscopi
897 3011 1109 3106 Leopolitani
1140 3012 1238 3084 latini
1254 3013 1351 3084 basi-

370 3133 450 3219 lica,
466 3132 524 3204 die
541 3133 667 3228 synodi
681 3131 868 3219 incidente,
888 3154 967 3226 quae
984 3133 1107 3205 festiva
1125 3133 1201 3220 luit,
1221 3133 1351 3205 eximia

368 3276 448 3325 oum
464 3254 642 3346 majestate
657 3255 889 3327 assistentium
902 3255 1138 3349 praelatorum,
1152 3255 1246 3327 cultu
1258 3255 1350 3326 sacri

368 3388 509 3450 ornatus
541 3377 807 3473 pretiosissimo,
840 3377 924 3448 cleri
947 3377 1000 3449 sui
1025 3377 1164 3472 copiosa
1188 3378 1346 3472 frequen-

368 3501 429 3587 tia,
448 3521 513 3573 nac
542 3521 612 3572 non
635 3501 845 3572 musicorum
861 3500 897 3570 in
915 3520 1001 3572 voce
1026 3499 1176 3572 bumana
1192 3521 1349 3573 concen-

367 3635 466 3698 tuum
489 3625 591 3696 suavi
602 3646 682 3696 cum
698 3621 947 3710 modulatione,
965 3622 1084 3695 divina
1100 3603 1263 3718 operatus
1279 3635 1344 3696 est.

366 3747 477 3818 Auxit
498 3746 658 3821 decorem
688 3750 863 3842 operantis
893 3768 1077 3820 numerosa
1104 3744 1290 3820 multitudo
1313 3757 1350 3820 et

367 3873 530 3966 frequens
558 3871 739 3959 nobilitas,
777 3873 975 3967 permixtim
1008 3872 1105 3944 latini
1137 3872 1346 3967 ruthenique

367 3997 476 4092 partis
493 3997 683 4090 utriusque.
702 3999 845 4070 Esacris
857 3997 989 4084 rostris,
1007 3997 1062 4069 vir
1075 3997 1250 4070 societatis
1266 3998 1348 4070 Iesu

367 4119 471 4213 longe
493 4119 715 4205 clarissimus,
739 4119 922 4192 Matthaeus
946 4118 1110 4204 Bombos,
1126 4118 1173 4191 ad
1185 4119 1349 4215 populum

366 4259 560 4314 sermonem
575 4240 979 4338 praecellentem-babuit.
996 4240 1070 4327 Cui,
1087 4263 1149 4334 per
1173 4252 1295 4337 typum
1313 4241 1348 4312 in

370 4367 482 4438 lucem
509 4366 649 4451 tradito,
678 4385 804 4437 nornen
836 4365 960 4439 indidit
989 4394 996 4437 :
1029 4364 1181 4437 incitatio
1209 4364 1349 4436 notionis
