4100 6009
835 950 997 1012 ..⁴3-

423 1160 507 1231 tium
520 1158 661 1229 haurire
674 1157 906 1241 debuit,'inde
919 1149 1402 1248 majoramhausittristitiam.

424 1282 490 1354 Ubi
503 1284 722 1355 inventuram
740 1303 777 1353 sc
794 1281 946 1375 speravit
974 1278 1104 1353 sontem
1133 1304 1235 1375 aquae
1253 1284 1408 1356 salientis

423 1407 592 1479 doctrinae
608 1406 643 1475 in
661 1404 767 1475 vitam
786 1414 968 1487 aeternam,
989 1404 1060 1475 illic
1086 1396 1270 1477 cisternam
1304 1406 1408 1477 invo-

424 1527 476 1598 nit
487 1526 697 1622 dissipatam,
715 1526 959 1598 et'calvinismi
990 1526 1157 1597 imbutam
1175 1548 1323 1599 veneno.
1338 1528 1408 1599 ¹Ubi

426 1650 568 1721 inventa
585 1649 751 1721 haeretica
767 1647 864 1720 cordi
881 1658 981 1733 sunt,
1003 1647 1091 1720 iides
1112 1670 1198 1720 vero
1210 1650 1410 1744 'apostolica

425 1772 559 1844 exulat.
585 1770 650 1842 Ubi
674 1769 838 1864 dogmata
862 1770 1076 1841 calvinistica
1101 1768 1300 1855 laudantur,
1326 1766 1411 1841 san-

425 1904 556 1966 ctorum
571 1892 669 1987 (quos
687 1904 737 1966 tot
761 1905 797 1965 ct
826 1905 940 1966 tantos
961 1896 996 1964 in
1027 1896 1174 1967 ecclesia
1194 1896 1256 1967 Dei
1280 1908 1410 1967 'vestrae

425 2016 739 2090 Reverendissimae
757 2017 983 2089 Paternitatos
995 2016 1135 2110 hahent)
1145 2016 1341 2089 sanctiones
1354 2018 1413 2090 do·

426 2142 595 2228 ridentur,
610 2144 864 2237 vituperantur,
884 2143 1143 2225 conculcantur,
1161 2134 1408 2214 annihilantur.

478 2265 671 2337 «Ecclesiae
688 2288 765 2338 suae
775 2265 1032 2338 Dominationes
1048 2275 1175 2335 vest-rau
1192 2275 1294 2359 caput
1308 2285 1413 2359 agno·

424 2400 524 2461 scunt
540 2388 771 2483 patriarcham
790 2384 1219 2481 constantinopolitanum,
1240 2408 1302 2482 pru
1319 2411 1412 2462 nuuc

426 2516 602 2612 Cyrillum.
621 2513 710 2600 Quid
731 2535 817 2606 ergo
837 2536 883 2585 ex
902 2534 944 2610 eu
957 2512 998 2583 V.
1022 2513 1217 2583 Paternitas
1231 2512 1412 2585 Reveren-

426 2639 567 2711 dissima
595 2637 740 2709 didicit?
759 2636 936 2720 nimirum,
969 2645 1007 2707 ut
1038 2634 1122 2705 mihi
1155 2636 1282 2719 retulit,
1306 2636 1413 2709 libros

428 2762 633 2857 patriarchas
646 2760 838 2853 cujusdam,
858 2759 985 2855 quibus
997 2760 1120 2831 Vestra
1135 2758 1327 2829 Pateruitas
1341 2760 1413 2853 plu-

428 2885 552 2956 rimum
569 2885 675 2978 eguit,
695 2906 775 2955 cum
788 2884 1011 2964 cremavisse‚
1028 2881 1127 2976 quasi
1146 2878 1182 2951 id
1201 2881 1274 2973 ipse
1288 2890 1412 2951 extre-

428 3029 483 3079 ma
512 3007 686 3079 statuisset
714 3005 905 3086 voluntate,
930 3014 965 3075 et
986 3005 1063 3074 loco
1088 3023 1205 3074 eorum
1236 3012 1305 3073 tarn
1332 3002 1410 3073 illu-

428 3133 550 3203 strium
565 3141 714 3226 patrum,
731 3130 964 3202 institutiones
975 3126 1108 3198 Caluini
1126 3128 1269 3220 ejusque
1287 3128 1413 3221 scripta
1434 3174 1438 3193 .

429 3254 588 3325 manibus
619 3254 684 3324 teri
714 3252 883 3344 ejusdem.
916 3253 1085 3342 Rogatum
1118 3271 1204 3321 vero
1241 3272 1258 3319 a
1292 3252 1414 3322 Vestra

429 3375 648 3457 Paternitata,
682 3384 718 3445 ut
748 3396 810 3468 pro
839 3373 1125 3444 consolationeet
1152 3384 1251 3465 pastu
1269 3372 1412 3457 animae,

430 3521 498 3570 non
517 3497 685 3569 duntaxat
714 3520 800 3583 suae,
831 3495 893 3568 sed
922 3496 1026 3566 etiam
1061 3495 1239 3587 regionum
1274 3495 1411 3580 harum,

430 3633 542 3717 posset
556 3620 686 3715 aliquid
714 3644 762 3692 ex
785 3643 846 3692 ore
864 3620 987 3713 capitis
1011 3619 1064 3691 sui
1080 3617 1210 3689 hahere
1226 3616 1412 3697 doctrinae.

433 3744 776 3818 Cathechesimsuam
792 3752 1089 3815 commonstrasse.
1109 3739 1146 3809 ln
1160 3762 1227 3833 qua
1238 3740 1416 3813 consessio

429 3868 633 3940 auricularis
648 3868 758 3958 ejecta
771 3895 778 3948 ;
790 3868 901 3940 oratio
917 3889 980 3961 pro
996 3862 1181 3965 defunctis,
1198 3872 1413 3934 sacrosancta

432 3990 465 4060 in
495 3990 640 4061 ecclesia
675 3991 788 4085 primo
821 3999 977 4083 tempore
1010 3964 1208 4067 observata,
1245 3983 1412 4075 explosa;

431 4120 643 4184 sacramenta
674 4111 810 4184 nonnisi
837 4112 920 4197 duo,
940 4108 1153 4182 Eucharistia
1171 4116 1206 4176 et
1223 4103 1417 4196 baptismus

431 4236 574 4327 agnita3
611 4246 739 4307 caetera
778 4245 815 4305 ut
848 4234 982 4305 inutilia
1013 4243 1049 4303 ct
1082 4231 1192 4303 sutilia
1224 4226 1411 4297 eliminata.

433 4357 594 4453 Nihilque
619 4360 684 4431 nisi
706 4360 908 4430 haereticnm
935 4359 1024 4427 inter
1052 4356 1158 4426 libros
1176 4351 1251 4441 ejus
1269 4346 1413 4433 haberit
