4100 6009
784 929 969 992 -lll—

380 1137 534 1219 episcopos
554 1153 590 1198 ex
614 1153 721 1198 nunce
747 1135 928 1198 monasteriis
942 1136 1001 1200 suis
1016 1135 1182 1212 extrudunt,
1199 1137 1362 1206 alimoniam

379 1246 424 1308 eis
443 1242 625 1321 subtrahant,
653 1239 780 1304 favorem
806 1239 976 1322 detrectent,
1002 1243 1192 1326 patrocinium
1206 1245 1360 1328 denegent,

381 1351 548 1420 sacerdotes
558 1367 611 1433 pro
625 1347 750 1414 subditis
764 1348 825 1414 suis
840 1349 894 1412 nisi
910 1349 1005 1416 unius
1017 1370 1077 1421 uon
1092 1351 1195 1430 lerunt,
1216 1365 1363 1418 moneste-

381 1458 435 1536 riu‚
452 1454 535 1520 saluo
549 1465 717 1538 patronatus
729 1453 772 1518 sui
786 1452 863 1536 jure,
878 1453 1073 1536 jurisdictioni
1084 1456 1284 1540 episcoporum
1299 1459 1363 1521 nni-

379 1575 473 1628 turnnr
499 1561 619 1626 subesse
644 1560 839 1645 permittant:
865 1573 898 1626 et
921 1562 972 1626 liet
994 1561 1074 1629 illico
1098 1562 1169 1627 Tun
1191 1561 1363 1630 sanctitatis

379 1670 488 1736 dietum
509 1671 627 1746 luctum.
646 1668 756 1732 Ancus
770 1667 845 1732 enim
860 1665 1010 1747 adunate,
1041 1671 1086 1734 rui
1110 1671 1308 1736 necaeoariunn
1317 1685 1362 1738 est

380 1788 474 1840 totum
490 1775 641 1842 edificium
666 1775 725 1840 illis
745 1775 1017 1858 superaedificatum.
1036 1808 1078 1823 -
1091 1775 1174 1841 lllioo
1203 1777 1363 1844 videbimus

377 1883 580 1953 'schismaticus
601 1884 673 1960 istos
697 1885 855 1964 mensures,
888 1885 939 1966 qui
961 1903 1038 1948 nunc
1062 1883 1133 1947 solis
1156 1884 1363 1958 catholicorum

380 1991 457 2056 ulnis
482 2001 641 2074 gestantur,
658 1987 704 2054 uel
719 2001 804 2054 extra
824 1989 897 2052 fines
921 1989 1002 2074 regni
1018 2002 1203 2073 evagatum,
1221 1992 1267 2057 uei
1279 1995 1363 2058 unio·

382 2117 445 2170 nenr
456 2108 585 2162 unctam
600 2107 703 2179 sponte
728 2095 911 2180 quesituros,
928 2106 1081 2179 postquam
1102 2117 1134 2162 se
1149 2098 1283 2166 diutione
1293 2100 1364 2166 isto

381 2223 443 2268 run
457 2223 572 2270 suorum
591 2213 776 2286 patronorum
791 2201 897 2264 luroris
920 2213 949 2264 et
970 2202 1124 2284 patrocinii
1144 2223 1196 2287 spa
1211 2207 1364 2273 bnrrcaos

381 2327 444 2376 esse
464 2309 560 2393 reipsa
588 2307 694 2373 luerint
720 2305 844 2390 experti.
875 2303 927 2370 leti
949 2307 1036 2385 euim,
1055 2309 1107 2392 poi
1126 2311 1288 2394 querebant
1300 2316 1362 2377 oni·

380 2437 454 2482 ruonr
475 2416 570 2499 porri,
595 2413 718 2496 defuncti
745 2424 834 2475 runt:
862 2425 1074 2496 persecutores,
1101 2416 1229 2500 inquam,
1254 2431 1363 2486 sancte

380 2523 505 2600 unionis,
523 2532 682 2605 magnates,
698 2519 855 2604 principes,
871 2518 922 2602 qui
939 2518 1069 2584 urenae
1084 2522 1237 2608 episcopos
1250 2536 1280 2590 et
1290 2526 1363 2592 istos

382 2625 526 2714 ὲπιβαξας
540 2647 594 2711 pro
613 2647 645 2692 se
659 2627 777 2710 suisque
793 2623 918 2690 subditis
930 2625 1080 2708 tenebant,
1097 2627 1255 2697 elebautot
1265 2633 1364 2698 delen·

381 2737 498 2816 debant,
516 2753 669 2805 evanuere.
697 2733 757 2798 Nee
771 2743 869 2818 potest
882 2732 1005 2818 amplius
1017 2734 1143 2800 schisma
1154 2735 1230 2802 tales
1242 2751 1364 2822 protec-

382 2859 458 2910 tores
481 2856 510 2909 et
534 2841 689 2907 nutritores
717 2841 743 2904 ei
767 2841 961 2924 suppeditare.
984 2839 1023 2905 Et
1035 2841 1090 2906 boc
1112 2855 1157 2908 ost
1183 2864 1270 2909 nuum
1284 2849 1363 2930 quod

381 2953 570 3018 desideretur.

419 3061 551 3145 Suggero
576 3057 707 3122 alterum.
734 3056 875 3122 iuuentus
896 3056 948 3120 ille
962 3059 1058 3140 gentis
1079 3057 1236 3138 bussiaco,
1254 3051 1360 3127 nobilis

379 3181 408 3236 et
418 3167 543 3253 plebatu,
557 3164 704 3230 schismati
715 3163 844 3242 addicta,
861 3183 926 3247 qun
939 3164 968 3228 in
979 3162 1112 3250 collegiis
1124 3165 1280 3233 Socieeuis
1289 3168 1361 3235 lesu

379 3288 494 3359 petrum
513 3273 606 3340 literis
631 3289 747 3356 operam
769 3281 877 3348 navat,
907 3271 993 3335 ritum
1019 3283 1131 3337 mutare
1154 3292 1192 3336 ne
1214 3286 1356 3357 cogatur;

379 3383 464 3450 immo
480 3381 565 3449 etianr
580 3377 682 3442 volens
695 3395 753 3442 non
772 3375 951 3456 admittatur,
966 3377 1018 3446 sed
1032 3375 1072 3441 ad
1084 3377 1218 3442 unionem
1231 3391 1360 3446 sanctam

378 3488 434 3572 piis
448 3487 564 3558 monitis
575 3483 687 3550 allicita
701 3483 730 3546 in
747 3501 798 3546 suo
814 3482 871 3549 ritu
886 3496 918 3546 nr
930 3484 1079 3567 persistet,
1092 3484 1267 3560 stabiliatur.
1286 3483 1361 3551 liine

377 3595 452 3662 enirn
462 3593 586 3678 operarii
598 3593 636 3656 ed
646 3609 765 3659 messem
778 3591 862 3656 istan
872 3587 996 3672 Domini,
1005 3591 1044 3664 ed
1052 3591 1219 3675 urgendnnr,
1229 3591 1357 3676 inquam,

377 3699 642 3784 ctprumovendanr
672 3711 800 3775 sanctam
823 3699 957 3766 unionem
979 3699 1251 3786 suppeditabantur.
1269 3698 1364 3768 litest

378 3805 603 3892 preceptoribus
626 3806 707 3872 bisce
727 3824 779 3890 pro
800 3806 1008 3890 persuadendis
1022 3807 1051 3877 in
1066 3804 1096 3867 id
1118 3803 1357 3890 discipulusne,

377 3924 483 3998 prrcter
498 3923 651 3988 sexcentos
663 3911 745 3992 elias,
757 3923 787 3976 et
798 3911 859 3978 bare
872 3913 945 3977 ratio
957 3912 1129 3998 inpromptu
1144 3911 1360 3978 euidentissima

376 4034 406 4090 et
420 4021 583 4094 firmissime
600 4019 724 4104 apostoli
749 4018 871 4096 dicentia
890 4041 895 4080 :
914 4017 947 4082 Si
963 4020 1030 4104 quir
1043 4039 1160 4083 rouen
1181 4020 1361 4084 eurimedo-

376 4129 551 4198 ncrtt'cororu
574 4147 672 4196 rurore
697 4147 750 4192 nou
780 4127 874 4204 dubet,
895 4127 978 4210 fidem
1002 4126 1129 4209 reponit,
1151 4138 1177 4189 ct
1195 4138 1237 4190 eet
1253 4126 1360 4210 infideli

376 4235 509 4304 deterior.
550 4231 622 4300 Narn
656 4236 710 4300 etsi
744 4236 882 4320 refragari
916 4235 1045 4315 vellent,
1081 4236 1240 4321 constringi
1277 4235 1362 4300 ieeilo

377 4357 507 4429 possunt.
526 4342 588 4408 Non
606 4346 686 4426 enin
700 4360 823 4432 possunt
846 4365 914 4412 vere
938 4348 1091 4426 ailirnare,
1110 4367 1141 4410 se
1157 4346 1220 4431 pari
1247 4347 1360 4413 ratione
