4100 6009
725 1977 934 1993 m

394 2233 504 2321 Quam
525 2234 583 2307 hic
604 2234 800 2308 demirandi
816 2256 901 2306 sane
921 2235 1065 2323 Meletii‚
1089 2237 1197 2311 lector
1214 2238 1328 2310 bene-

346 2356 438 2444 vole,
462 2358 631 2456 descripsi
654 2360 783 2447 vitam‚.
810 2380 886 2430 eam
903 2381 973 2431 non
991 2370 1157 2456 tanquam
1180 2384 1202 2435 e
1223 2362 1331 2435 trivio

349 2478 575 2575 impertinens
593 2484 707 2556 levavi
717 2485 841 2570 lutum,
860 2483 922 2556 sed
941 2505 962 2555 e
979 2485 1196 2577 gravissimis
1216 2486 1330 2560 veris·

349 2603 513 2699 simisque
552 2606 758 2679 testimoniis
781 2606 880 2700 quasi
909 2607 1139 2701 praenobilem
1168 2609 1329 2704 excerpsi

350 2724 523 2799 unionem.
555 2729 669 2823 Atque
696 2730 746 2801 ita
773 2740 906 2801 certam
933 2730 1026 2802 illius
1057 2753 1176 2805 rerum
1204 2733 1329 2805 seriem

349 2853 570 2939 asseruerim,
591 2863 629 2926 ut
644 2854 738 2926 omni
753 2854 916 2927 humauae
931 2855 1146 2943 certitudini,
1161 2878 1229 2929 uon
1243 2856 1330 2930 dun·

349 2986 445 3047 taxat
470 2977 613 3070 parsit,
639 2976 700 3049 scd
727 2976 831 3047 etiam
854 2997 898 3047 ca
913 2976 1016 3069 longe
1041 2977 1210 3071 superior.
1230 2979 1330 3065 Quod

349 3122 426 3173 curn
439 3100 485 3173 de
497 3099 666 3171 universis
680 3100 716 3169 in
729 3098 795 3171 hac
807 3098 949 3170 historia
961 3100 1146 3187 contentis,
1160 3112 1232 3171 tum
1245 3123 1330 3174 vero

349 3223 406 3293 vel
431 3222 583 3293 maxime
605 3222 650 3294 de
665 3222 858 3317 grandibus
873 3223 1013 3295 dextrae
1028 3224 1223 3295 Meletianae
1244 3245 1330 3319 prc-

349 3344 461 3439 digiis,
478 3344 656 3418 Urbanum
669 3348 780 3419 Breve
793 3346 974 3440 capientis,
990 3346 1187 3433 retinentis,
1203 3348 1329 3441 pastori

349 3468 567 3555 dimittentis,
584 3490 626 3540 ac
634 3467 774 3540 demum
789 3466 936 3550 vividae,
948 3465 1115 3539 flexibilis
1127 3479 1163 3538 et
1170 3465 1331 3540 omnibus

350 3588 566 3676 dimittentis,
593 3600 698 3684 atque
721 3588 766 3661 ab
794 3586 956 3661 omnibus
977 3588 1176 3683 recipientis
1199 3589 1330 3661 dictum

350 3712 463 3785 Breve
487 3711 628 3785 dextrae
651 3712 821 3808 prodigiis
849 3712 960 3807 accipi
988 3710 1105 3783 velim.
1142 3712 1332 3806 Supersunt
1434 3732 1437 3737 ·

349 3834 478 3929 scripta
493 3834 637 3919 Meletii,
653 3843 723 3905 tam
735 3834 946 3921 inPoloniae‚
956 3832 1164 3917 Lithuauiae,
1184 3832 1331 3905 Russiae-

350 3976 417 4048 que
429 3954 500 4026 oris
510 3954 678 4049 dispersa,
692 3978 795 4050 quam
812 3955 870 4026 hic
883 3956 920 4025 in
938 3956 1025 4027 urbe
1041 3975 1158 4025 rerum
1174 3954 1328 4042 domina,

349 4079 629 4151 Barberinianam
654 4089 690 4149 et
705 4078 937 4174 Apostolicam
954 4079 990 4148 in
1005 4088 1118 4149 castro
1134 4076 1259 4171 Angeli
1276 4080 1333 4150 bi-

351 4204 556 4279 bliothecam
566 4204 784 4290 exornantia,
793 4226 838 4275 an
852 4206 897 4276 ab
907 4203 991 4299 ipsis
1001 4202 1221 4274 bibliothecis
1229 4224 1331 4277 exor-

350 4338 429 4400 nata
450 4358 456 4400 :
478 4328 524 4401 de
551 4326 680 4422 quibus
705 4327 855 4421 plurima
883 4326 918 4397 in
939 4325 1005 4399 hoc
1024 4325 1141 4396 libello
1169 4334 1332 4396 contexta
