4100 6009
1095 937 1277 1004 -1ll-

701 1141 876 1237 appendit.
899 1145 1066 1218 Ecclesia
1087 1146 1267 1240 imagines,
1290 1146 1677 1237 altaribusvasasacra,

699 1267 936 1342 sacerdotibus
945 1278 1158 1355 ornamenta,
1172 1269 1407 1366 splendidiora
1422 1295 1528 1367 qnam
1539 1272 1673 1362 debuit,

700 1411 778 1462 cum
797 1389 978 1484 dispendio
995 1388 1199 1483 indigentiae
1213 1412 1288 1463 suae
1301 1393 1456 1465 contulit.

748 1512 824 1601 lpse
838 1510 926 1582 adeo
938 1509 998 1582 vili
1014 1520 1195 1585 contentus
1206 1514 1351 1601 vestitu,
1372 1523 1410 1589 ut
1421 1515 1583 1590 viliorem
1599 1538 1676 1588 mo

700 1631 886 1704 nechoram
908 1631 983 1723 ejus
998 1654 1102 1705 nemo
1121 1633 1250 1706 tulerit.
1275 1632 1395 1708 Amica
1407 1635 1473 1732 ipsi
1487 1636 1552 1710 luit
1564 1658 1679 1731 usque

699 1753 744 1829 ad
774 1765 969 1827 extremum
1000 1756 1084 1828 vitae
1111 1757 1270 1851 spiritum
1295 1758 1411 1844 vestis,
1431 1781 1536 1854 quam
1555 1771 1680 1834 sumn-

701 1899 780 1950 nam
808 1875 968 1967 dicimus,
986 1899 1006 1951 e
1026 1879 1107 1974 pilis
1123 1889 1307 1967 contexta,
1328 1891 1452 1977 paratu
1470 1881 1569 1956 facile
1600 1893 1636 1958 et
1658 1906 1679 1957 e

699 1999 795 2072 corio
819 1998 1010 2094 cingulum,
1032 2012 1068 2074 et
1084 2024 1226 2096 prorsus
1246 2003 1332 2074 nibil
1347 2003 1381 2075 in
1405 2012 1477 2076 toto
1504 2003 1680 2076 curiosum

699 2123 838 2196 vestitu.
859 2124 1079 2196 Famulitium
1108 2125 1253 2211 nullum,
1285 2123 1349 2196 nisi
1374 2125 1490 2197 cantui
1517 2124 1678 2198 ecclesiae

699 2254 734 2318 at
749 2244 926 2340 scriptioni
941 2244 1016 2336 ejus
1032 2246 1276 2318 necessarium.
1294 2247 1379 2319 llinc
1392 2244 1531 2318 abunde
1556 2267 1678 2340 super-

701 2367 776 2454 luit,
789 2389 835 2440 ex
850 2390 920 2463 quo
938 2370 1184 2442 monasterium
1196 2368 1367 2457 aediliciis,
1379 2369 1560 2442 ecclesiam
1574 2370 1680 2441 sacris

698 2493 889 2564 cumularet
918 2494 1144 2566 ornamentis.
1167 2486 1322 2567 Subditis
1337 2516 1515 2588 nunquam
1541 2494 1671 2586 gravis,

699 2615 761 2688 sed
785 2616 894 2708 magis
922 2616 1023 2702 lenis,
1044 2618 1139 2689 unde
1163 2627 1198 2690 et
1213 2617 1371 2689 amabilis
1391 2638 1527 2712 semper
1542 2618 1616 2690 fnit.
1636 2617 1680 2689 Et

698 2737 728 2808 si
755 2736 840 2830 quid
864 2739 906 2810 iis
929 2739 1111 2812 accidisset
1127 2740 1226 2828 mali,
1245 2741 1292 2811 ita
1324 2738 1538 2812 indolescere
1565 2740 1673 2823 visus,

698 2867 736 2932 ut
751 2873 859 2933 mater
876 2860 968 2934 filiis.
1002 2862 1041 2934 ln
1063 2863 1220 2935 oratione
1245 2884 1382 2960 pernox
1398 2872 1433 2936 et
1458 2862 1613 2958 perdius.
1633 2863 1677 2934 Et

697 2993 830 3056 secreto
850 2983 991 3077 quidem
1008 2983 1254 3071 meditabatur,
1280 2994 1316 3056 et
1332 2985 1494 3080 scopebat
1516 2985 1676 3080 spiritum

697 3127 808 3179 suum.
827 3107 863 3178 ln
881 3105 1019 3202 publico
1035 3126 1215 3178 varocum
1231 3106 1404 3200 religiosis
1417 3108 1452 3178 in
1469 3107 1548 3180 aede
1562 3126 1674 3192 secra,

696 3227 824 3300 divinis
836 3249 990 3322 praesens
998 3248 1136 3322 semper
1147 3226 1280 3315 officiis,
1292 3238 1407 3300 mente
1422 3229 1456 3299 in
1466 3230 1574 3299 Deum
1589 3225 1673 3311 fixa,
1791 3242 1797 3250 “

695 3350 840 3424 ardente
846 3353 983 3447 spiritu,
993 3352 1173 3425 moderato
1187 3375 1262 3441 ore,
1274 3374 1361 3426 voce
1369 3375 1507 3439 sonora,
1525 3355 1598 3426 Deo
1614 3353 1676 3424 llo

695 3473 1674 3568 minopsallebatldquenonsolum,utmentemincaeles·

697 3593 790 3666 tibus
806 3616 904 3668 suam
913 3598 1067 3670 suaviter
1074 3609 1258 3692 occuparet
1277 3599 1534 3689 excoleretqne;
1551 3617 1674 3666 verum

695 3715 799 3788 etiam
826 3729 863 3790 ul
887 3720 1098 3793 errabundae
1122 3721 1252 3792 Russiae
1276 3717 1430 3791 divinam
1457 3717 1670 3808 majestatem

695 3843 878 3938 propitiam
895 3841 1057 3916 redderet
1076 3865 1083 3908 :
1101 3853 1197 3913 ratus
1220 3843 1276 3914 vel
1294 3863 1337 3913 eo
1352 3841 1427 3936 ipso
1444 3839 1479 3912 id
1496 3839 1674 3934 perfectu-

694 3986 786 4050 rum,
803 3964 896 4056 quod
912 3964 1091 4036 laboriosis
1103 3985 1172 4036 non
1186 3964 1385 4058 perfecisset
1402 3961 1675 4036 concertationi-

693 4086 769 4160 bus.
786 4085 893 4160 Amor
908 4087 1037 4182 quippe
1052 4087 1126 4178 ejus
1138 4087 1173 4157 in
1192 4065 1362 4158 mauimos
1379 4086 1433 4160 sui
1447 4084 1675 4156 insectatores

693 4210 942 4298 schismaticos,
957 4212 1055 4305 quasi
1086 4211 1239 4305 parentis
1255 4209 1378 4304 optimi
1395 4209 1430 4278 in
1449 4206 1612 4303 prodigos
1626 4205 1672 4276 li-

693 4329 768 4416 lios,
788 4330 862 4402 fuit.
882 4333 952 4404 Nec
964 4334 1089 4405 lrnstra
1106 4332 1246 4405 intimus
1262 4331 1336 4424 ejus
1347 4329 1490 4416 amicus,
1503 4349 1524 4400 a
1535 4329 1672 4400 conses-
