4100 6009
705 1131 772 1197 odio
792 1132 928 1198 ll'omenae
954 1131 1085 1197 ecclesia
1110 1153 1144 1197 ac
1165 1133 1288 1200 Petrina
1309 1135 1387 1200 sedis
1412 1137 1516 1220 saepius
1545 1149 1691 1204 tentarent

705 1240 778 1304 inire
790 1241 873 1305 ‘cum
884 1240 1074 1304 orientalibus
1087 1241 1282 1322 concordiam,
1306 1255 1402 1308 tamen
1417 1264 1562 1328 nunquam
1578 1247 1686 1329 recepti

705 1348 829 1412 luerunt.
848 1346 896 1412 llli
907 1348 932 1409 in
946 1346 1076 1412 articulis
1087 1347 1270 1432 generalibus
1279 1361 1402 1428 tantum,
1413 1369 1478 1434 qna
1493 1349 1591 1415 illiset
1606 1352 1691 1415 nobis

705 1473 769 1518 cum
784 1453 894 1519 ludaeis
905 1465 935 1518 et
947 1453 1160 1518 blahometanis
1184 1467 1252 1521 sunt
1275 1449 1447 1535 communie,
1465 1467 1497 1520 ut
1511 1451 1541 1520 νζ
1551 1451 1585 1542 g.
1601 1477 1689 1522 unum

703 1557 797 1623 Deum
818 1577 880 1624 esse
899 1571 1058 1624 creatorem
1074 1561 1184 1640 mundi,
1209 1561 1442 1645 gubernatorem,
1457 1563 1578 1645 justum,
1593 1561 1690 1628 buno-

705 1684 768 1728 rum
783 1677 812 1731 et
827 1667 966 1730 malorum
983 1668 1198 1748 retributorem,
1217 1671 1284 1734 vita
1300 1682 1415 1735 aterna
1435 1669 1578 1747 datorem,
1594 1681 1625 1734 et
1643 1669 1689 1734 bis

706 1768 821 1850 similia,
832 1775 1024 1855 conveniunt;
1042 1775 1071 1837 in
1083 1776 1238 1860 precipuis
1252 1788 1348 1840 eutem
1359 1776 1523 1841 christiane
1536 1774 1688 1859 religionis

705 1878 850 1962 capitibus
866 1879 1008 1945 dissident
1025 1904 1032 1943 :
1052 1901 1154 1967 nempe
1168 1881 1206 1945 de
1224 1881 1398 1966 antiquitate
1426 1883 1536 1947 ordinis
1546 1881 1695 1947 ecclesia-¹

705 1985 781 2064 stici,
795 1985 830 2051 de
849 1987 1019 2071 apostolicis
1040 1987 1256 2064 traditionibus,
1276 1990 1312 2055 de
1331 1989 1504 2053 anctoritate
1524 2000 1690 2053 sanctorum

704 2091 823 2158 Petrum
837 2108 866 2159 et
878 2092 1034 2159 Doctorum
1050 2095 1180 2160 ecclesia
1198 2096 1363 2181 utriusque,
1378 2116 1500 2181 quorum
1514 2109 1566 2160 aut
1578 2115 1687 2176 omnes,

705 2210 757 2262 aut
771 2197 923 2282 plerosque
935 2220 1033 2264 eorum
1045 2200 1196 2283 rejiciunt;
1211 2199 1248 2264 de
1258 2201 1687 2280 canonesacrornm.librorum,

705 2306 742 2369 de
764 2305 1024 2385 observationibus,
1051 2304 1086 2369 de
1109 2307 1377 2390 justificationibus
1391 2306 1579 2391 delithurgia
1592 2328 1687 2387 sacra,

704 2414 766 2476 sive
777 2415 870 2477 missa
880 2414 1035 2495 sacrificio,
1046 2415 1083 2478 de
1093 2412 1263 2478 Sanctorum
1276 2415 1397 2498 reliquis
1408 2427 1438 2480 et
1445 2416 1640 2496 veneratione,
1651 2416 1689 2480 de

705 2520 831 2606 lleipara
847 2520 974 2605 Virgine,
992 2524 1029 2586 de
1045 2522 1227 2587 sanctissima
1245 2522 1408 2602 Trinitate3
1423 2534 1453 2587 et
1466 2543 1556 2587 noras
1579 2545 1615 2586 er
1634 2543 1687 2587 sno

706 2646 792 2690 sensu
811 2627 928 2712 proprio
947 2647 1038 2692 sacra
1052 2628 1202 2711 scriptura
1220 2629 1472 2712 interpretationes
1487 2628 1683 2712 depromunt:

705 2757 769 2820 qna
784 2757 830 2800 res
851 2738 949 2820 quanti
972 2736 1091 2821 periculi
1107 2738 1156 2814 sit,
1173 2737 1355 2820 experientia
1373 2737 1437 2822 ipsa
1450 2737 1589 2820 loquitur.
1610 2737 1688 2801 bon-

705 2842 822 2923 gissime
843 2842 932 2924 igitur
951 2841 1068 2905 illicum
1080 2842 1310 2922 absiutanobis,
1332 2862 1511 2926 nequaquam
1524 2842 1688 2906 coalescere

705 2949 853 3012 nobiscum
875 2961 1005 3032 possunt.
1030 2949 1108 3014 luter
1133 2946 1304 3013 orientalem
1330 2968 1400 3012 vero
1425 2960 1454 3012 et
1478 2947 1687 3014 occidentalem

704 3055 913 3122 occidentalem
925 3057 1087 3135 ecelesiam,
1105 3075 1170 3139 qua
1177 3054 1303 3138 aliquam
1318 3055 1555 3138 disceptationem
1565 3057 1691 3120 retinere

706 3161 849 3240 videntur,
866 3164 1045 3230 indoctorum
1063 3164 1179 3248 quidem
1195 3163 1291 3227 illusio
1308 3182 1373 3226 esse
1388 3162 1519 3243 videtur,
1546 3161 1690 3226 doctiores

706 3289 776 3332 nero
801 3269 887 3333 lacile
911 3272 1041 3334 eumdem
1057 3283 1108 3334 aut
1131 3271 1291 3354 proximum
1322 3290 1449 3347 sensum,
1479 3270 1509 3333 in
1535 3267 1689 3335 dilectione

707 3377 825 3457 Christi,
843 3376 974 3442 eliciunt.
996 3374 1060 3442 Non
1075 3379 1250 3444 detestamur
1266 3376 1297 3441 S.
1316 3377 1394 3442 Petri
1410 3377 1517 3457 sedem,
1534 3379 1603 3462 quin
1626 3397 1689 3440 eam

707 3484 998 3550 debitaveneratione
1010 3496 1040 3549 et
1051 3485 1160 3549 bonore
1172 3485 1383 3568 prosequimur,
1395 3486 1573 3569 primamque
1587 3497 1689 3550 ettan-

707 3589 792 3676 qoem
801 3605 919 3657 matrem
928 3593 1121 3675 agnoscimus,
1132 3612 1191 3654 una
1200 3612 1235 3654 ac
1247 3592 1347 3656 cadem
1360 3593 1495 3656 nobisest
1506 3594 1589 3667 lidos,
1602 3613 1688 3656 unum

705 3697 851 3782 baptisma
861 3720 924 3764 cnm
940 3699 1001 3764 Deo
1014 3699 1110 3775 Patre,
1124 3699 1219 3779 Fiilio,
1234 3711 1264 3764 et
1275 3698 1387 3784 Spiritu
1398 3699 1430 3764 S.
1447 3720 1506 3763 una
1520 3700 1688 3765 intrinitate

707 3817 821 3886 natura,
837 3827 894 3871 una
904 3807 1122 3892 omnipotentia,
1133 3828 1192 3870 nna
1204 3807 1355 3871 diviuitas:
1370 3825 1502 3890 unaspes
1512 3805 1686 3883 vocationis,

707 3914 910 3992 uouebaritas,
925 3913 1089 3978 commones
1101 3935 1154 4000 pro
1166 3913 1298 3978 omnibns
1313 3914 1535 3978 christianorum
1550 3925 1686 3993 statuum,

707 4019 835 4104 regibue,
853 4022 1024 4102 rectoribus,
1039 4022 1172 4101 ducibus,
1186 4021 1568 4105 magistratibus,orationes
1579 4032 1608 4084 et
1618 4040 1690 4104 snp-

708 4125 895 4210 plicationes:
920 4129 1018 4192 eadem
1045 4141 1233 4207 sacramenta,
1261 4127 1348 4192 iidem
1370 4128 1484 4192 ordines
1509 4129 1537 4190 in
1566 4127 1690 4191 ecclesia

708 4233 832 4296 minores
846 4246 875 4299 et
889 4237 1012 4318 majores
1022 4234 1109 4314 sacri,
1121 4233 1218 4299 eadem
1234 4233 1503 4317 evangelin,eadem
1519 4233 1691 4319 propbetica

707 4350 736 4403 et
752 4339 913 4422 apostolica
928 4340 1046 4423 scripta,
1064 4340 1163 4406 cadem
1185 4354 1350 4407 sanctorum
1365 4342 1494 4407 ecclesia
1506 4341 1690 4407 orthodoxo-
