4100 6009
1139 936 1303 998 -70-

731 1151 800 1223 alto
814 1150 849 1221 in
869 1147 1005 1221 silentio
1027 1166 1100 1217 rem
1119 1166 1223 1239 agere
1253 1154 1395 1229 tantam,
1424 1141 1604 1236 prudentis
1634 1144 1708 1214 luit.

730 1276 837 1345 Sexta
853 1270 932 1343 lnlii
956 1269 1039 1341 anni
1053 1266 1223 1339 currentis
1246 1265 1432 1351 affulserat,
1451 1276 1486 1336 et
1502 1264 1633 1337 Dubnae
1648 1268 1713 1338 lo-

730 1396 872 1491 sephus,
899 1394 1120 1464 illucescente
1142 1388 1333 1483 comparuit
1349 1388 1434 1459 sole.
1455 1388 1713 1484 Confestimque

731 1518 777 1589 ad
799 1528 932 1589 certum
956 1514 1056 1587 ducis
1086 1513 1252 1585 conclave
1277 1510 1323 1581 ita
1352 1510 1568 1583 introductus
1589 1520 1654 1593 est,
1674 1522 1712 1583 ut

731 1640 868 1736 penitus
880 1636 1049 1709 disunitos
1065 1638 1200 1721 lateret,
1217 1644 1291 1706 esto
1308 1634 1502 1727 complures
1517 1655 1559 1704 ea
1581 1634 1617 1705 in
1635 1635 1712 1707 aula

731 1770 964 1834 versarentur.
999 1759 1129 1832 Eodem
1155 1759 1321 1830 invitatus
1348 1758 1548 1852 supervenit
1569 1757 1711 1830 Smotri-

731 1886 835 1970 scius,
856 1884 983 1955 familia
999 1882 1155 1974 ejusdem
1177 1881 1221 1953 de
1238 1880 1377 1953 Rutscio
1390 1900 1556 1975 perquam
1575 1880 1708 1974 ignara.

732 2010 773 2081 Ut
792 2018 932 2078 ventum
960 2007 996 2077 in
1013 2014 1248 2099 conspectum,
1268 2005 1427 2076 Rutscins
1442 2004 1639 2078 Smotriscio
1656 2028 1714 2078 sa-

731 2129 839 2200 lutem
853 2148 948 2199 more
963 2128 1128 2221 impertiit
1141 2126 1342 2198 christiano.
1357 2126 1426 2197 Nec
1438 2125 1624 2220 quidquam
1633 2148 1714 2198 eum

731 2252 925 2346 disquirere
940 2253 1065 2337 voluit,
1084 2251 1150 2322 nisi
1168 2249 1250 2321 fidei
1264 2251 1413 2344 primum
1429 2262 1561 2322 sanctae
1578 2250 1715 2343 Grego-

731 2376 864 2447 rianam
887 2396 950 2469 pro
967 2372 1098 2447 Graecis
1126 2384 1290 2445 tesseram
1320 2371 1498 2445 edidisset.
1531 2374 1713 2469 Proposuit

730 2499 788 2569 ille
804 2497 944 2592 quidem
958 2497 1012 2568 sui
1027 2496 1196 2589 quosdam
1217 2496 1322 2567 animi
1340 2517 1473 2567 morsus
1489 2507 1523 2569 et
1536 2495 1713 2587 ambigui-

731 2634 840 2708 tates;
869 2621 931 2693 sed
958 2630 1173 2692 sacramento
1200 2620 1355 2714 praestito
1371 2642 1475 2713 super
1498 2640 1553 2701 eo,
1580 2620 1714 2716 quoda

731 2763 830 2828 vero,
861 2742 940 2814 licet
966 2763 1036 2814 non
1053 2742 1219 2833 legitimo,
1249 2742 1402 2813 initiatus
1431 2743 1531 2814 luerit
1562 2752 1710 2835 pastore,

731 2865 837 2937 iidem
853 2866 1070 2951 catholicam,
1101 2864 1147 2936 ad
1179 2866 1413 2959 praescriptam
1443 2888 1611 2952 normam,
1644 2889 1712 2939 non

731 2987 899 3061 morando
928 2988 1104 3082 professus
1122 2997 1185 3059 est.
1205 2987 1431 3060 Conscientiae
1449 2988 1589 3083 insuper
1603 2991 1714 3062 naevis

732 3109 847 3181 eidem
876 3110 1039 3182 universe
1068 3108 1269 3194 denudatis,
1300 3132 1378 3185 cum
1406 3132 1539 3183 summe
1563 3113 1714 3207 seipsum

732 3230 927 3304 demisisset
951 3233 1156 3317 etanimum
1186 3232 1359 3305 dolentem
1372 3234 1408 3304 in
1422 3234 1581 3307 lacrimas
1593 3236 1713 3308 solvis-

733 3365 798 3441 set,
814 3378 894 3428 cum
923 3357 1087 3428 ineffabili
1104 3355 1218 3429 cordis
1236 3357 1383 3429 serenati
1409 3359 1620 3446 amaenitate,
1642 3370 1714 3431 tum

733 3499 754 3549 a
784 3477 930 3549 vinculis
959 3479 1118 3550 ecclesiae
1148 3498 1210 3573 per
1240 3478 1418 3550 llutscium
1446 3480 1623 3551 exsolutus
1646 3490 1711 3552 est.

733 3604 820 3675 Eam
835 3602 916 3674 fidei
927 3604 1227 3688 contestationem,
1248 3625 1352 3674 manu
1367 3602 1565 3676 describere
1584 3615 1619 3676 et
1633 3606 1715 3677 sub·

733 3726 888 3805 scribere
904 3727 1020 3818 jussus
1035 3727 1184 3822 propria,
1203 3727 1342 3797 llutscio
1358 3726 1498 3799 tradidit
1522 3728 1558 3797 in
1572 3728 1715 3801 archivo

735 3848 834 3920 ducis
850 3860 1017 3944 perpetuo
1035 3848 1256 3921 servandam.
1278 3849 1362 3933 Tum
1377 3848 1508 3931 litteras
1520 3850 1716 3921 conversio-

735 3973 789 4044 nis
801 3994 875 4045 suae
890 3983 926 4044 et
941 3972 1151 4045 obedientiae
1174 3981 1291 4058 testes,
1309 3973 1353 4045 ad
1374 3994 1545 4044 summum
1559 3974 1716 4046 ecclesiae

734 4104 863 4169 sanctae
879 4094 1067 4189 praesidem
1085 4093 1262 4166 Urbanum
1276 4096 1350 4167 Vlll
1364 4096 1535 4181 exaravit,
1548 4096 1597 4168 nti
1611 4096 1716 4168 etiam

736 4218 931 4290 adsacrum
965 4219 1123 4290 Officium
1146 4220 1307 4312 quaedam
1326 4222 1444 4315 petita,
1467 4234 1502 4294 et
1516 4220 1559 4293 ad
1575 4232 1716 4316 protec-

736 4352 844 4413 torem
863 4343 994 4415 llussiae
1018 4342 1230 4415 cardinalem
1248 4344 1451 4433 Bandinum,
1481 4367 1558 4419 cum
1588 4346 1710 4418 litteris
