4100 6009
1127 905 1289 969 ..nr-

720 1115 899 1208 frequente
920 1124 1186 1208 purpuratorum
1207 1135 1353 1202 corona,
1381 1116 1484 1208 cujus·
1499 1141 1698 1207 summum,

721 1233 878 1308 Urbanus
887 1236 1700 1340 Vlll,decore,amplitudine,pietate,sapientia

721 1359 872 1451 gloriose
888 1357 1093 1445 illustrabat,
1114 1360 1221 1432 lectae-
1234 1360 1428 1434 Smotriscii-
1444 1363 1583 1437 litterae.
1602 1365 1701 1437 Tan-

722 1489 863 1574 tumque
876 1478 1044 1551 momenti
1056 1479 1121 1554 boc
1134 1481 1169 1551 in
1182 1501 1285 1552 sacro
1294 1481 1448 1556 habuere
1459 1496 1701 1579 areopago,nt

722 1623 791 1674 non
813 1600 919 1675 modo
937 1624 994 1675 eas
1014 1604 1052 1674 in
1072 1605 1212 1698 publico
1227 1626 1389 1678 consessu
1405 1605 1605 1678 avidissime
1623 1629 1701 1678 om-

721 1749 783 1800 nes
794 1726 1004 1814 audiverint,
1020 1728 1263 1801 verumetiam
1279 1728 1616 1823 sigillatimquisque
1629 1750 1708 1809 non

721 1850 1192 1944 sinesingularianimisensu
1201 1851 1373 1946 relegerit.
1386 1850 1528 1924 Dein'ad
1541 1865 1699 1925 sanctum

724 1974 877 2048 renlssae
892 1973 1064 2058 Officium,
1092 1973 1186 2046 haud
1211 1973 1342 2068 dispari
1369 1996 1447 2047 cum
1467 1975 1697 2066 jucunditate,

723 2097 984 2192 animorumque
1003 2093 1233 2168 diffluentium
1253 2095 1500 2190 teneritudine,
1525 2108 1697 2192 exceptae
1783 2159 1790 2172 .

696 2210 700 2219 ’
723 2219 796 2291 Nec
805 2219 873 2292 alia
885 2241 1000 2308 mens,
1012 2229 1155 2314 patrum
1165 2218 1404 2312 gloriosissimi
1416 2220 1539 2314 patris,
1560 2243 1603 2298 ac
1622 2223 1703 2293 utri-

724 2366 834 2438 usque
855 2345 1057 2441 amplissimi
1082 2365 1263 2417 consessus
1289 2343 1366 2429 init,
1397 2366 1499 2439 quam
1528 2345 1702 2417 celebrem

723 2466 851 2538 Meletii
876 2468 1138 2540 conversionem
1167 2466 1327 2558 sanguini
1353 2468 1515 2562 martyris
1539 2467 1702 2562 iosaphat

724 2589 865 2677 deberi;
885 2591 983 2682 cujus
1002 2591 1060 2662 ille
1081 2589 1210 2684 profusi
1229 2589 1381 2663 erudelis
1401 2591 1572 2663 extitisset
1596 2613 1701 2663 exacs

726 2722 789 2784 tor.
810 2715 896 2799 Qua
911 2735 997 2785 vero
1009 2735 1115 2809 super
1137 2713 1232 2785 bisce
1249 2713 1353 2796 rebus
1372 2723 1497 2785 sauma
1511 2725 1623 2786 mater
1642 2735 1703 2787 ec-

725 2835 828 2908 elesia
844 2835 1072 2932 rescripserit,
1088 2836 1190 2930 paulo
1206 2844 1281 2930 post
1293 2835 1414 2907 videre
1426 2835 1575 2907 licuerit.

772 2957 916 3049 Jamque
927 2956 1050 3030 aderat
1061 2968 1210 3051 tempus,
1225 2979 1294 3052 quo
1309 2957 1432 3029 Petrus
1444 2954 1571 3027 Mobile
1581 2978 1704 3029 recens

725 3087 862 3152 creatus
907 3079 1125 3152 Pecuarensis
1168 3077 1470 3165 archimandrita,
1512 3077 1704 3151 Grodecum

724 3203 853 3299 primos
864 3203 1022 3276 ecclesiae
1048 3202 1211 3276 disunitae
1227 3211 1454 3275 evocaturum
1474 3224 1511 3274 se
1528 3212 1706 3296 receperat

725 3330 900 3422 praelatos.
934 3327 976 3399 Et
1006 3327 1148 3422 quidem
1175 3326 1345 3410 evocarit,
1367 3335 1467 3398 sexta
1487 3323 1705 3417 hebdomade

725 3450 1030 3545 quadragesimali,
1053 3472 1142 3522 anno
1160 3452 1267 3523 ⁴628.
1288 3449 1488 3522 Convenere
1503 3448 1701 3534 Bnreccius,

725 3595 846 3646 eorum
862 3573 1157 3669 metropolitanus,
1184 3573 1291 3645 isaias
1304 3572 1556 3658 Luceoriensis,
1572 3573 1706 3644 Paisius

726 3697 950 3783 Cheimensis,
967 3695 1108 3768 disuniti
1134 3695 1298 3791 episcopi,
1319 3705 1354 3766 et
1375 3693 1488 3766 dictus
1503 3694 1706 3766 archiman-

727 3819 829 3894 drita.
868 3821 1052 3894 Auxerunt
1079 3841 1259 3891 numerum
1291 3818 1362 3889 alii.
1396 3817 1465 3916 Sed
1495 3829 1705 3902 momentum

726 3940 852 4034 adjecit
869 3943 1054 4030 universis,
1073 3965 1151 4015 cum
1170 3943 1243 4038 ipsc
1259 3942 1391 4016 monitu
1408 3939 1708 4013 eorumaffulsis-

727 4078 780 4138 set
795 4065 1023 4152 Smotriscius,
1041 4067 1169 4161 quippe
1188 4067 1281 4137 solus
1299 4066 1387 4136 inter
1405 4084 1524 4135 omnes
1541 4062 1708 4155 praeclara

728 4189 931 4284 conspicuus
946 4188 1152 4262 eruditione.
1173 4188 1215 4258 Et
1231 4188 1369 4281 quidem
1392 4186 1523 4258 collatis
1540 4184 1584 4256 de
1602 4207 1708 4277 negu-

728 4312 783 4383 tiis
800 4314 956 4385 ecclesie
985 4313 1163 4406 capitibus,
1195 4313 1306 4384 visum
1332 4310 1502 4396 omnibus,
1532 4309 1709 4406 synodum
