4100 6009
754 972 916 1034 ...15-

398 1207 417 1242 ιι
436 1177 743 1249 verumenimvero
756 1200 835 1251 cum
853 1180 986 1251 Vestrae
1003 1180 1200 1252 Paternitati
1219 1184 1322 1253 llere·

346 1298 564 1371 rendissimae
586 1310 720 1371 amator
744 1299 885 1391 generis
900 1298 1042 1371 bomani
1064 1302 1154 1373 Deus
1177 1302 1329 1396 agnitio-

346 1443 426 1493 nem
442 1422 477 1492 in
496 1443 535 1493 se
563 1421 722 1493 veritatis
739 1420 940 1515 praebuerit,
959 1422 1027 1495 alia
1051 1446 1190 1519 quoque
1215 1423 1329 1496 media

347 1542 489 1613 minime
514 1543 672 1637 negavit3
691 1565 761 1636 quo
777 1544 979 1638 comprobet
991 1546 1081 1618 velle
1095 1566 1132 1617 se
1149 1547 1330 1618 Reveren-

347 1663 524 1737 dissimam
562 1666 808 1739 Paternitatem
845 1666 1046 1754 efficaciter,
1088 1689 1157 1740 non
1196 1678 1329 1741 tantum

347 1784 572 1875 sufficienter,
590 1788 635 1861 ad
650 1811 688 1861 se
705 1788 853 1861 trahere.
875 1790 947 1863 Nisi
968 1791 1057 1863 lorte
1084 1790 1179 1862 obex
1204 1789 1264 1861 illa
1293 1788 1328 1859 in

348 1912 424 2005 ipsa
439 1913 695 2007 comperiatur:
711 1912 846 1983 Etenim
874 1937 981 1985 creare
1010 1927 1039 1986 to
1062 1913 1170 2011 potuit
1197 1912 1266 1986 uiue
1283 1925 1331 1994 tc,·

347 2033 476 2105 solome
489 2048 519 2105 tc
533 2047 709 2132 conpotem
725 2033 795 2126 eine
809 2047 850 2107 te.

407 2184 424 2224 u
452 2158 591 2253 Impulit
610 2159 776 2233 Dominus
796 2157 953 2251 ejusdcm
978 2159 1064 2231 ritus
1086 2161 1194 2255 graeci
1220 2162 1331 2234 virum

349 2281 570 2375 praeclarum,
601 2280 940 2356 Reverendissimum
969 2280 1185 2358 loacbimum
1216 2284 1334 2357 binro-

352 2404 528 2491 cbovium,
542 2406 743 2501 episcopum
757 2405 1073 2490 Vladimiriensem;
1092 2406 1229 2500 impulit
1240 2429 1332 2502 quo-

350 2550 421 2621 que
433 2529 630 2625 religiosum
645 2529 821 2603 bominem
838 2530 979 2602 virtutis
993 2530 1150 2618 eximiae,
1166 2530 1333 2604 eruditio-

352 2652 408 2724 nis
415 2674 566 2746 magnae,
582 2651 958 2748 academiasquondam
973 2652 1087 2747 (quam
1105 2654 1156 2727 uti
1170 2665 1331 2737 matrem,

350 2798 486 2849 summo
514 2796 624 2869 usque
647 2773 692 2848 ad
724 2786 884 2861 mortem,
905 2776 999 2869 quod
1020 2786 1245 2849 monumenta
1260 2775 1336 2867 ejus

352 2908 609 2985 contestantur,
640 2898 915 2993 prosequebatur
941 2899 1071 2994 amore)
1100 2898 1338 2972 cracoviensis

354 3011 562 3107 membrum,
584 3020 683 3112 cujus
694 3021 767 3112 jam
792 3022 908 3094 anima
924 3020 1111 3116 requiescit
1132 3020 1167 3091 in
1188 3018 1336 3093 benedi·

353 3144 481 3231 ctione,
497 3145 637 3218 Petrum
654 3146 821 3239 Slargam
836 3145 1016 3217 Societntis
1035 3146 1126 3216 Iesu.
1149 3145 1293 3241 Scripsit
1307 3145 1337 3215 is

354 3269 390 3339 in
404 3270 513 3341 tusam
530 3280 565 3340 et
578 3268 976 3342 oratorieolaboratama
989 3269 1112 3341 Vestra
1126 3268 1337 3341 paternitate

354 3392 658 3467 Reverendissima
680 3388 806 3465 molem
829 3392 973 3487 (utinam
989 3412 1060 3465 non
1074 3391 1194 3465 luisset
1216 3391 1337 3464 baere-

354 3518 456 3612 licat)
481 3518 591 3589 breve
616 3518 832 3613 opusculum,
871 3516 919 3588 uti
948 3516 1054 3587 etium
1086 3515 1338 3587 illustrissimus

355 3640 608 3714 blorocbovius.
637 3640 849 3713 Pertantavit
882 3641 1003 3713 Vestra
1040 3636 1341 3711 Reverendissima

358 3763 548 3836 Paternitas
587 3761 771 3858 aliquoties
811 3761 895 3858 ipsis
937 3759 1178 3857 respondero;
1215 3780 1339 3832 verum
1438 3803 1441 3809 -

356 3886 498 3981 quando
519 3884 778 3981 responsionum
810 3885 962 3958 rationes
989 3883 1127 3958 adferre
1161 3902 1340 3955 necessum

359 4011 433 4097 luit,
465 4021 571 4105 caput
594 4010 730 4081 Vestrae
760 4007 1072 4083 Reverendissimae
1093 4004 1342 4078 Dominationis

360 4132 815 4227 aliasexcellenselanguit;
834 4132 1011 4225 ingenium
1027 4130 1120 4203 vires
1133 4151 1201 4203 non
1218 4129 1338 4223 potuit,

359 4259 438 4330 licet
454 4258 498 4329 sit
513 4279 607 4342 acre,
623 4276 787 4329 exserere
799 4278 896 4341 suas;
916 4276 1037 4327 omnes
1055 4254 1090 4325 in
1107 4250 1294 4327 scribendo
1308 4265 1343 4323 ct

359 4380 595 4467 rescribendo,
614 4391 649 4451 ut
667 4379 740 4474 ipsa
758 4380 948 4453 Paternitas
964 4381 1085 4452 Vestra
1101 4376 1341 4473 profitebatur,
