4100 6009
764 978 944 1042 -tlt-

363 1191 520 1264 feracior.
535 1187 865 1282 anuippeestistic
878 1187 941 1258 soli
956 1197 1135 1272 natura,ut
1146 1188 1252 1259 etiam
1266 1188 1343 1262 loco

361 1311 946 1386 silvestriumarborumlrnctileras
964 1311 1062 1382 ferat.
1080 1312 1123 1384 Et
1135 1314 1240 1385 silvas
1252 1315 1339 1406 ejus,

362 1457 627 1532 quaquaversus
638 1435 683 1507 a'd
696 1437 819 1507 multas
829 1436 942 1506 leucas
956 1447 1147 1528 protensas,
1161 1448 1253 1508 recte
1267 1438 1342 1508 nni·
1412 1528 1414 1532 ι

364 1583 443 1633 cnm
455 1557 587 1630 dixeris
603 1569 789 1650 pometum.
808 1557 990 1629 Solitudini
1009 1580 1093 1630 vero
1110 1559 1236 1630 animae
1251 1560 1346 1630 locus

364 1683 516 1778 genuine
534 1680 787 1753 accommodus.
810 1681 871 1752 llic
892 1682 949 1751 ille
973 1682 1131 1754 enormia
1146 1682 1346 1754 schismati-

365 1831 484 1881 corum
496 1807 631 1878 evitans
645 1805 738 1886 odia,
758 1826 833 1876 sese
853 1806 1033 1892 conclusit,
1052 1817 1088 1877 ut
1100 1807 1233 1900 reliquo
1246 1807 1342 1890 vitae,

367 1954 434 2004 non
447 1929 551 2000 modo
577 1927 774 2000 monasterii
800 1930 902 2000 rebus
922 1929 1011 2002 bene
1036 1929 1207 2022 regendis,
1226 1950 1346 2000 verum

367 2052 470 2124 etiam
484 2072 558 2122 suae
573 2050 675 2121 saluti
693 2059 784 2122 totus
801 2050 1026 2122 incumberet.

415 2175 544 2267 Lignea
561 2174 637 2246 istic
663 2174 905 2266 religiosorum
923 2175 1019 2244 fuere
1030 2172 1241 2259 habitacula,
1261 2175 1347 2266 qni-

354 2295 430 2387 ,bus
442 2295 599 2386 dejectis,
620 2319 639 2366 e
657 2305 754 2366 cocto
783 2296 893 2366 latere
919 2296 1187 2380 universatem
1213 2294 1347 2389 privata

365 2442 470 2514 quam
485 2420 694 2506 communia,
718 2417 878 2524 aedificia,
908 2418 982 2492 fieri
1006 2418 1151 2490 curavit.
1169 2419 1256 2504 Quae
1278 2439 1347 2489 non

366 2542 639 2614 minusnumero
653 2551 687 2612 et
701 2540 944 2614 commoditate
960 2540 1157 2626 sufficienti,
1172 2562 1275 2634 qnam
1291 2562 1348 2613 or-

366 2674 450 2736 natu
465 2674 500 2734 et
517 2663 629 2758 pretio
637 2661 761 2751 multo,
773 2676 933 2737 constare
946 2664 1135 2738 censueris.
1156 2663 1348 2735 delectorio

368 2785 437 2857 late
450 2785 581 2880 patenti
594 2787 813 2858 commodum
825 2787 950 2878 adjecit
971 2789 1172 2872 sacrarium,
1189 2787 1278 2858 utin
1291 2808 1346 2873 eo,

368 2907 513 2980 intensis
529 2907 736 2980 hiemalibus
759 2908 958 3001 frigoribus,
977 2934 1051 2984 snae
1076 2909 1226 3002 religiosi
1238 2930 1347 2981 vaca-

368 3041 447 3102 rent
467 3030 666 3104 devotioni.
704 3034 741 3104 ln
771 3043 914 3126 puteum
936 3035 1032 3126 jugis
1061 3054 1176 3128 aquae,
1205 3033 1352 3106 lateritio

370 3152 533 3226 eductum
546 3175 658 3240 muro,
678 3176 782 3248 super
798 3165 928 3241 monte,
952 3156 986 3226 in
1003 3177 1073 3249 quo
1090 3155 1347 3240 monasterium,

369 3295 471 3370 pares
480 3276 552 3346 lere
567 3276 741 3371 impensas
753 3276 819 3370 ipsi
828 3277 1035 3348 monasterio
1048 3275 1179 3348 effudit.
1191 3277 1351 3349 'Abbatiae

371 3397 485 3469 aulam
509 3397 629 3469 itidem
659 3398 856 3483 lateritiam,
889 3398 1132 3494 amplitudine,
1166 3398 1348 3483 cubiculis,

372 3523 565 3607 coenacnlo,
596 3541 694 3592 sacra
724 3521 884 3606 aedicula,
918 3521 1059 3592 libraria
1092 3521 1191 3607 cella,
1211 3521 1353 3614 aliisque

372 3641 674 3715 commoditatibus
688 3643 852 3714 adornari
867 3643 958 3716 lecit.
975 3645 1011 3713 ln
1029 3640 1156 3736 quibus
1171 3642 1355 3734 religiosus

375 3769 529 3841 decoret
550 3767 696 3839 decorus
718 3769 881 3868 splendor
902 3769 1041 3840 elucere
1057 3765 1206 3838 videtur.
1226 3766 1353 3836 libra-

373 3888 463 3959 rium
482 3889 588 3960 sacris
610 3888 785 3962 codicibus
800 3903 835 3961 et
861 3889 1122 3985 interpretibus,
1141 3885 1354 3984 synodorum

375 4014 542 4101 conciliis,
562 4025 758 4088 sanctorum
773 4015 910 4087 Petrum
929 4015 1116 4086 latinorum
1130 4033 1354 4105 graecorum-

376 4157 445 4229 que
467 4135 777 4223 lucubrationibus,
800 4137 1042 4210 ecclesiasticae
1072 4135 1227 4209 historias
1250 4135 1356 4207 volu-

374 4258 539 4345 minibuS,
557 4259 731 4354 praecipuo
753 4261 951 4332 cumulavit.
977 4261 1013 4331 ln
1032 4281 1112 4354 quae
1127 4281 1193 4332 non
1211 4258 1356 4330 solume

377 4384 513 4478 peculio
530 4384 742 4469 monasterii,
756 4383 817 4456 sed
834 4383 935 4456 otiam
950 4383 1257 4480 proprio,mnltum
1275 4381 1356 4454 aeris
