4100 6009
1099 792 1262 856 ..55-

686 1006 818 1100 scitque
846 1007 936 1079 mele
961 1028 1039 1083 esse
1063 1004 1201 1098 scriptu.
1235 1003 1317 1075 Esto
1330 1004 1453 1077 Vestro
1473 1004 1668 1077 Dominetio

687 1128 970 1226 superadjecerit,
997 1129 1033 1202 id
1055 1128 1219 1203 volumen
1250 1125 1347 1220 prius
1375 1125 1508 1199 editum
1532 1150 1664 1222 graeoe,

685 1252 887 1323 translatum
904 1263 1024 1347 posteo
1045 1250 1233 1336 slavonico,
1252 1259 1288 1323 et
1312 1247 1454 1323 tandem
1476 1247 1634 1344 polonice
1657 1276 1689 1323 :.

686 1372 723 1443 in
735 1369 961 1464 quodtamen
974 1394 1076 1446 nemo
1095 1391 1247 1465 unquam
1265 1368 1357 1463 (licet
1374 1369 1513 1464 plurimi
1525 1368 1666 1445 litteru-

685 1520 762 1569 rum
790 1496 949 1582 studiosi,
979 1517 1046 1569 neo
1070 1516 1139 1567 non
1161 1493 1332 1581 haeretici,
1358 1514 1485 1588 graves
1509 1492 1670 1565 emlesiae

685 1622 851 1697 Romenae
881 1622 1141 1715 impugnatores
1167 1616 1306 1711 tuerint)
1323 1616 1458 1693 incidit.
1477 1615 1546 1689 Sed
1568 1627 1605 1689 ut
1630 1617 1667 1687 in

684 1745 798 1840 cupite
823 1744 948 1839 polono
969 1744 1106 1815 Vestrae
1135 1740 1400 1824 imminutionis,
1432 1760 1480 1811 ox
1513 1740 1665 1813 lectione

684 1864 941 1951 haereticorum,
957 1886 1005 1937 ex
1025 1854 1134 1935 co'rdo
1155 1871 1343 1957 suppurato
1364 1872 1402 1933 et
1422 1860 1666 1935 malevolentia

685 1989 720 2062 in
752 1988 944 2061 Romanum
978 1988 1159 2061 ecclesiam
1185 1986 1428 2073 incoiesrente,
1455 1994 1575 2080 pertus
1603 1984 1668 2057 iste

684 2113 865 2208 viperinos
881 2122 1069 2208 prognatos
1090 2122 1157 2197 est,
1171 2109 1335 2183 iteotiam
1357 2110 1515 2206 polonica
1545 2110 1665 2202 lingua

683 2235 719 2306 in
750 2233 872 2308 orbem
887 2235 1031 2329 prodiit.
1052 2234 1118 2319 Qui
1141 2234 1309 2329 incapite
1328 2234 1664 2307 DominatiooisVe-

682 2370 766 2431 strae
779 2368 978 2452 conceptos,
998 2358 1129 2429 utinum
1148 2356 1268 2429 fuisset
1284 2356 1474 2443 abortivus,
1490 2380 1555 2431 nec
1569 2359 1667 2431 visos

681 2476 860 2551 hominum
874 2476 1067 2573 aspexisset
1084 2478 1198 2549 illum!
1221 2478 1262 2549 Et
1273 2476 1426 2571 quidem,
1444 2489 1588 2574 accepto
1605 2500 1667 2550 re·

681 2621 823 2695 sponso,
840 2598 901 2672 diu
917 2600 1046 2671 luctata
1063 2598 1254 2673 Paternitas
1267 2599 1401 2685 Vestra,
1413 2601 1587 2673 cumnihit
1602 2602 1661 2675 ob·

680 2722 821 2795 trudere
835 2731 964 2815 posset,
985 2731 1023 2796 ut
1035 2742 1141 2814 supro
1163 2720 1306 2807 dictum,
1326 2724 1430 2795 vertit
1447 2724 1578 2809 solium,
1597 2742 1667 2795 co-

680 2846 766 2917 cinit
786 2844 1012 2920 contrariom.
1038 2842 1107 2919 Sed
1126 2866 1204 2919 oum
1225 2847 1318 2917 sumo
1336 2858 1528 2921 concentus
1548 2849 1613 2920 istc
1629 2847 1666 2917 in

678 2970 760 3063 igne
776 2967 928 3039 evanuit.
955 2964 1000 3037 m
1019 2966 1113 3043 enim
1139 2966 1267 3039 viderit
1286 2968 1410 3041 Vestra
1435 2970 1663 3042 Reverendis-

682 3092 769 3166 duna
780 3089 985 3176 Paternitas,
1004 3090 1141 3183 qualem
1150 3090 1276 3165 iterum
1285 3091 1321 3161 in
1334 3112 1376 3162 ea
1388 3074 1549 3164 inimicos
1563 3094 1667 3165 homo

681 3213 842 3310 spiritum
857 3212 1138 3287 contradictionis
1152 3213 1280 3306 agnitos
1289 3214 1444 3285 veritatis
1459 3214 1661 3288 conciverit

685 3335 878 3432 Siquidem,
895 3346 1077 3432 perspecto
1094 3338 1196 3423 malo,
1215 3337 1330 3411 sciens
1338 3347 1374 3409 et
1391 3338 1529 3425 volens,
1543 3338 1666 3411 itemm

684 3458 731 3539 od
749 3480 889 3535 ooenum
906 3459 1021 3545 rediit,
1039 3462 1164 3535 iterum
1182 3461 1216 3532 in
1232 3458 1373 3533 eosdem
1393 3482 1531 3534 errores
1545 3472 1580 3535 et
1595 3463 1667 3534 blu-

687 3579 862 3677 sphemias
875 3580 1011 3667 recidit,
1031 3604 1110 3657 cum
1129 3603 1219 3655 euno
1237 3584 1324 3657 tout
1351 3580 1600 3681 Vcrissootiorrem
1614 3581 1664 3653 io-

687 3701 836 3775 coccctioe
871 3713 907 3776 ct
940 3701 1162 3799 defensionem
1203 3703 1358 3796 ejusdem
1403 3704 1664 3791 extradidiuet

686 3846 779 3899 anno
810 3847 896 3898 voro
924 3829 1019 3903 ⁴622
1051 3826 1240 3912 utentum,
1268 3828 1396 3903 librum
1422 3850 1490 3901 non
1523 3828 1663 3914 librum,

689 3947 751 4023 sod
766 3960 964 4033 scommate,
986 3950 1112 4045 quibus
1128 3952 1166 4023 in,
1186 3951 1260 4046 ipso
1281 3952 1416 4026 inferno
1437 3952 1555 4049 pejore
1577 3972 1667 4023 coo-

690 4073 760 4170 cipi
791 4073 1035 4169 procrearique
1055 4076 1258 4169 nequivere,
1286 4078 1536 4171 parturiuisset.
1556 4078 1600 4149 Et
1614 4086 1668 4148 tu·

691 4221 770 4287 meo
785 4197 830 4269 ab
847 4201 948 4270 annis
963 4198 1127 4286 sedecim,
1157 4200 1262 4273 verba
1292 4210 1372 4273 sont
1399 4200 1568 4293 eiusdem,
1594 4202 1664 4293 jam
