4100 6009
1064 824 1246 889 —156-

657 1057 698 1107 ac
712 1035 837 1106 throno
857 1032 1113 1128 Hierapolitano
1134 1033 1341 1119 donabatur,
1362 1034 1407 1107 ad
1426 1053 1548 1106 manus
1562 1041 1637 1106 tra·

657 1156 792 1230 dorent.
808 1156 939 1252 Corpus
955 1164 1071 1228 autem
1090 1177 1190 1228 suum
1204 1166 1282 1250 post
1297 1167 1443 1229 mortem
1456 1155 1535 1242 illis,
1554 1176 1636 1250 qnae

658 1281 772 1376 parari
784 1279 1023 1368 mandaverat,
1041 1265 1255 1354 vestimentis
1275 1280 1468 1352 induerent.
1489 1281 1562 1353 Nec
1574 1280 1637 1354 diu

658 1415 822 1490 moratuS,
839 1404 873 1475 in
887 1425 1012 1476 manus
1022 1405 1082 1476 Dei
1094 1403 1257 1476 anhelum
1270 1392 1515 1477 commendans
1528 1404 1635 1498 spiri-

657 1540 742 1616 tum,
756 1527 984 1623 placidissime
993 1527 1169 1599 extinctus
1176 1535 1241 1612 est,
1258 1527 1360 1613 votis,
1380 1527 1513 1614 dolore,
1531 1528 1635 1599 lacri—

656 1653 721 1724 mis
729 1651 881 1723 omnium
891 1650 1270 1752 desideratissimusdt
1280 1672 1365 1723 vero
1379 1652 1532 1744 religiosi
1544 1663 1636 1749 post·

655 1794 759 1867 quam
777 1772 901 1846 faciem
922 1773 997 1866 ejus
1011 1781 1194 1859 etmanus,
1215 1794 1312 1846 more
1330 1795 1406 1862 suo,
1430 1772 1630 1862 abluissent,

656 1916 781 1988 corpus
793 1905 983 1969 memorato
995 1897 1187 1968 vestierunt
1205 1897 1353 1983 amictu;
1367 1895 1549 1970 sedBreve
1565 1921 1636 1971 ma

656 2019 757 2091 nibus
770 2018 1028 2114 imponendum,
1045 2042 1109 2093 nec
1125 2021 1250 2093 leviter
1262 2021 1400 2094 illorum
1414 2023 1519 2095 subiit
1532 2043 1635 2119 men—

655 2153 746 2232 tem3
778 2144 833 2214 vel
859 2144 1055 2238 praegnanti
1082 2144 1212 2216 doloris
1236 2145 1477 2239 magnitudine
1491 2164 1635 2241 praepe-

655 2267 784 2352 diente,
799 2268 856 2339 vel
872 2267 1005 2354 divina,
1020 2261 1282 2363 ut'potios'reor,
1292 2270 1469 2341 volontate
1480 2269 1633 2342 suaviter

654 2392 868 2486 disponente.
879 2391 1012 2485 Eleusis
1023 2390 1175 2484 quinque
1191 2391 1236 2463 ab
1252 2391 1350 2463 exitu
1364 2393 1632 2466 animae'sanctae

654 2513 761 2600 horis,
779 2523 961 2608 arrepante
975 2512 1221 2600 noctismedio,
1238 2513 1485 2607 exsanguibus,
1492 2511 1633 2607 jamque

654 2637 790 2734 penitus
823 2631 1074 2729 rigescentibus
1102 2637 1259 2724 artubus,
1289 2636 1431 2709 tandem
1460 2635 1632 2711 recordati

652 2763 784 2849 Brevis,
809 2760 926 2833 manui
943 2760 1031 2833 illud
1046 2761 1197 2848 dextrae,
1210 2761 1368 2857 pollicem
1380 2760 1471 2832 inter
1487 2775 1523 2834 et
1535 2761 1632 2832 indi-

654 2907 743 2971 cem,
755 2885 984 2956 inseruerunt.
998 2885 1083 2955 Rem
1100 2883 1239 2954 miraml
1253 2883 1354 2977 digiti
1366 2871 1627 2970 reuiuiscentos,

653 3020 756 3102 atque
773 3007 818 3079 ad
846 3008 961 3078 volam
984 3026 1107 3077 manus
1123 3014 1158 3076 et
1184 3005 1345 3099 pollicem
1368 3006 1502 3092 inflexi,
1517 3007 1630 3079 Breve

651 3130 873 3228 apostolicum
904 3150 1011 3225 usque
1036 3128 1124 3201 adeo
1151 3129 1444 3215 constrinxerunt,
1467 3139 1506 3202 ut
1523 3152 1631 3202 mem-

651 3253 761 3325 brana
795 3259 952 3323 contorta
974 3259 1227 3344 corrugataque
1256 3251 1371 3323 luerit.
1399 3252 1630 3347 Stupereim-

649 3389 831 3474 ponentes,
852 3385 925 3448 tum
943 3376 1095 3468 dirigere
1124 3398 1165 3448 ac
1184 3376 1371 3449 extrahere
1402 3379 1537 3466 conati;
1567 3377 1630 3451 sed

649 3511 764 3573 actum
781 3508 939 3593 egerunt.
972 3500 1090 3594 ltaque
1120 3500 1253 3573 consilii
1275 3501 1407 3595 inopes,
1436 3501 1629 3577 litterarum

650 3622 879 3720 quarumdam
916 3622 1123 3718 patriarchae
1158 3613 1524 3720 constantinopolitani
1553 3647 1630 3697 me-

649 3744 787 3829 morati,
803 3766 873 3815 non
885 3743 959 3816 sine
977 3744 1124 3816 Numine
1139 3744 1272 3832 divino,
1291 3768 1350 3818 ens
1361 3747 1564 3840 quantocius
1579 3757 1630 3819 at·

651 3867 817 3952 tulerunt,
831 3865 1016 3958 monuique
1030 3867 1128 3938 alteri
1144 3868 1364 3964 accipiendas
1379 3879 1623 3964 porrexerunt.

650 3989 778 4060 Verum
809 4001 965 4061 emortua
997 3990 1148 4078 sinistra,
1188 3992 1401 4066 dexterrime
1430 3994 1529 4086 cujus
1558 3994 1628 4066 illae

649 4120 765 4181 essent
780 4109 906 4183 tinerae
920 4111 1135 4199 discernens,
1150 4113 1274 4208 digitos
1292 4113 1499 4202 retraxit,ad
1512 4116 1626 4189 volam

651 4232 833 4320 contraxit,
847 4233 1082 4328 inhabilesque
1093 4236 1137 4309 ad
1155 4237 1449 4332 complectendum
1459 4237 1622 4312 reddidit.
