4100 6009
773 953 957 1018 -117-

378 1156 607 1234 introducere.
625 1159 724 1246 Quod
740 1181 827 1234 veru
853 1160 938 1255 quid
954 1160 1113 1233 crederet
1138 1161 1351 1249 nescivisset,

376 1303 498 1356 vorum
509 1283 744 1356 assederunt
758 1281 793 1354 id
805 1283 1000 1367 Ιωηιιιιιηι,
1014 1281 1191 1353 numum
1201 1284 1352 1376 aliaque,

378 1407 548 1500 inquibus
558 1406 591 1478 id
602 1403 1131 1503 scripsisset,quodcredidissct:
1145 1407 1352 1480 illudaatenr

378 1530 570 1618 haeretice,
589 1529 719 1604 idcirco
748 1529 913 1606 haeretico
945 1540 981 1603 ot
1008 1529 1214 1604 credidisse.
1239 1529 1354 1626 Atque

378 1655 471 1742 ideo,
486 1663 526 1726 ut
539 1649 708 1746 ejusmodi
727 1651 922 1726 orthodoxa
932 1655 1022 1725 ossa
1036 1651 1145 1741 tides,
1162 1655 1352 1750 putavisse,

379 1795 447 1849 nun
476 1785 572 1849 certo
583 1775 736 1850 scivisse.

426 1897 471 1969 Et
493 1919 572 1970 curn
597 1898 706 1972 lunius
735 1897 781 1970 de
810 1899 865 1972 hia
887 1910 1007 1994 ageret
1041 1898 1274 1984 Smotriscius,
1307 1898 1355 1971 ad

379 2019 543 2092 ronchve
565 2021 716 2094 Boreccii
741 2021 890 2116 quadm
918 2044 966 2095 ex
996 2037 1099 2094 causa
1125 2041 1243 2093 ornnes
1269 2041 1355 2094 oon·

377 2163 513 2215 censore
545 2139 632 2216 'Ubi
667 2145 785 2216 iterato
819 2144 1059 2230 Smotriscius,
1091 2145 1254 2239 quoniam
1288 2146 1356 2218 illis

379 2284 478 2338 auum
505 2249 576 2338 non
606 2266 776 2339 arrideret
807 2267 983 2364 scriptum,
1016 2268 1106 2339 scire
1133 2288 1171 2339 ae
1202 2267 1355 2339 valleia

378 2393 471 2482 qno?
482 2387 569 2460 Tum
585 2388 867 2486 protopresbvter
882 2389 1056 2462 Siccensis
1069 2389 1293 2485 Muzylovski,
1307 2409 1356 2460 ex

380 2507 537 2606 Apolopr'o
549 2509 1120 2608 Lenpoliallata,toliarevolvs‘1e,
1142 2510 1259 2584 titulos
1271 2510 1357 2582 rete

380 2651 477 2728 gere,
487 2632 532 2705 de
542 2633 675 2725 judicio
687 2633 901 2729 particulari,
918 2634 1113 2706 animarum
1127 2632 1354 2718 beatitudine,

251 2749 256 2754 ’
379 2758 494 2854 poenis
525 2758 671 2846 inferni,
704 2765 836 2832 aeterno
866 2757 990 2846 Christi
1019 2757 1236 2844 sacerdotio,
1266 2777 1356 2850 panc

298 2903 300 2908 ’
380 2897 514 2976 azymo,
529 2881 631 2953 Petro
649 2879 801 2953 unircrni
820 2889 977 2976 pastore,
996 2879 1143 2952 ecclesia
1155 2899 1260 2975 anper
1274 2899 1356 2951 curn

383 2999 536 3087 tundata,
553 3001 704 3087 demum,
725 3014 764 3075 ut
783 3003 850 3075 alia
867 3002 972 3076 missa
987 3002 1127 3087 luciam,
1155 2999 1248 3095 quod
1274 3000 1356 3091 jure

382 3123 501 3198 divino
517 3135 552 3198 at
567 3125 717 3198 humano
732 3126 982 3221 appellationes
1002 3125 1283 3220 synodorumque
1296 3126 1357 3196 iu-

381 3247 551 3324 dictiones
579 3249 628 3322 ad
651 3271 829 3322 romanum
861 3247 1058 3344 pontificem
1088 3249 1295 3342 pertineant.
1315 3249 1358 3321 av

382 3391 460 3442 cnm
485 3379 564 3466 post
587 3370 733 3464 quodvis
756 3382 920 3467 punctum
949 3370 1104 3464 graviter
1119 3368 1358 3442 Smotriscium

381 3489 631 3586 ncoepitaaeet,
646 3492 764 3566 clauso
779 3490 884 3578 libro,
899 3513 978 3565 cum
995 3492 1112 3563 surore
1127 3480 1265 3562 intulit:
1278 3508 1358 3559 mo-

382 3609 589 3686 diuancnibi
605 3614 683 3688 haec
695 3614 900 3687 riderentur
914 3614 949 3686 iu
960 3613 1141 3686 ecclesiam
1155 3611 1358 3684 orientalem

383 3733 540 3808 convicia
561 3745 598 3807 et
616 3735 874 3830 blasphemiae?
902 3733 1003 3820 Quod
1032 3733 1176 3806 audiens
1206 3733 1358 3805 Smutri-

384 3857 486 3945 ocius,
498 3869 538 3931 at
551 3857 656 3930 corda
672 3857 838 3933 studiosae
864 3856 1052 3932 condolens
1073 3856 1246 3930 concitati:
1266 3878 1358 3930 oon-

383 3991 492 4072 unu,
524 3984 586 4070 ait,
617 3983 684 4056 auh
706 3984 818 4058 titulis
838 3985 982 4077 legerat,
1002 3993 1038 4055 et
1054 3983 1209 4056 unarum
1225 4003 1265 4058 aa
1281 4003 1359 4055 essa

384 4100 466 4177 ndei
477 4103 642 4198 dogmata
658 4107 846 4193 orientalis,
863 4125 931 4180 nun
945 4104 1201 4201 blasphemius?
1211 4105 1255 4182 lit
1269 4127 1359 4200 quo

384 4225 477 4298 niani
491 4226 542 4299 sic
568 4248 607 4300 oa
637 4249 708 4302 rem
728 4227 857 4301 habere
871 4228 1082 4315 adverteret,
1100 4227 1226 4315 oravit,
1249 4236 1286 4300 ut
1301 4229 1359 4299 vel

385 4351 547 4446 privatim
565 4352 771 4446 reipublice
798 4352 833 4424 in
860 4351 992 4448 synodo
1007 4351 1053 4424 dc
1074 4351 1115 4424 iis
1139 4352 1356 4444 loqueretm

1247 4457 1264 4510 a
