4100 6009
1042 768 1206 833 ...10-

631 981 711 1069 diis,
723 978 1065 1065 suavitereuleniteu
1081 976 1271 1048 efficaciter
1282 984 1410 1065 iumen,
1431 978 1476 1051 ad
1489 1000 1617 1052 eonse-

631 1104 809 1199 quendum
824 1100 1125 1177 intentionismeae
1140 1097 1259 1183 finem,
1270 1096 1331 1192 qui
1345 1109 1397 1171 est
1410 1100 1534 1171 summi
1547 1101 1616 1173 ho-

632 1247 698 1298 nor
714 1223 789 1310 Dei,
808 1225 844 1295 S.
861 1224 982 1297 Matris
997 1221 1156 1295 ecelesiae
1172 1221 1352 1308 exaltatio,
1371 1221 1465 1293 salus
1476 1221 1617 1295 unimu-

526 1391 528 1394 ·
632 1348 809 1433 rum.Qua
827 1346 863 1417 in
877 1368 929 1435 re,
944 1366 1024 1417 eam
1040 1353 1135 1418 perte
1148 1344 1283 1417 uestrae
1305 1343 1620 1419 Reverendissimae

638 1468 888 1541 Dominuuiouis
896 1486 1167 1565 personamesse
1176 1466 1353 1561 perspexi,
1375 1466 1475 1558 eujus
1483 1488 1549 1563 ope
1558 1466 1620 1539 ad·

635 1590 742 1682 jutus,
758 1601 876 1687 optato
889 1589 1053 1666 desiderii
1061 1588 1130 1660 mei
1139 1609 1276 1683 possem
1293 1587 1362 1660 fine
1376 1589 1492 1685 potiri.
1513 1590 1622 1663 immo

638 1736 724 1787 uero
741 1714 855 1813 ipsum
872 1713 908 1786 id
925 1713 1141 1787 Altissimum
1158 1712 1251 1785 veile
1264 1712 1403 1807 colligo,
1424 1715 1485 1811 qui
1499 1714 1621 1789 effica-

637 1837 725 1910 citer
736 1835 1099 1911 0muin0Vestremud
1112 1856 1150 1907 se
1166 1834 1501 1909 Reverendissimum
1518 1836 1623 1912 trahit

638 1961 929 2055 ¹Domiuutiouem,
957 1960 1005 2031 uti
1026 1982 1074 2031 ex
1090 1959 1211 2033 verbis
1236 1958 1329 2033 uivae
1352 1959 1450 2033 vocis
1466 1958 1622 2051 ejusdem

642 2086 775 2182 liquido
791 2086 942 2181 percepi.
963 2084 1135 2159 concessit
1165 2083 1258 2155 enim
1288 2084 1454 2156 Dominus
1486 2085 1623 2159 uestrae

641 2204 954 2282 Reverendissimae
975 2207 1179 2281 Paternitaii
1203 2206 1407 2311 dignoscere
1426 2206 1622 2291 veritatem,

642 2354 662 2401 a
679 2352 732 2418 se,
750 2340 789 2402 ut
801 2328 922 2403 verbis
938 2339 1015 2400 utar
1027 2328 1223 2424 ipsiusmet,
1243 2329 1402 2421 gnaviter
1423 2330 1622 2422 quaesitam,

643 2465 678 2526 et-
696 2455 731 2525 iu
744 2454 915 2525 eaDeum.
934 2450 1068 2537 Quibus
1085 2450 1248 2537 inventis,
1264 2472 1447 2523 erroneum
1461 2452 1625 2545 scripum

644 2599 743 2647 suurn
757 2585 793 2648 et
810 2576 959 2670 seipsam
979 2574 1172 2647 paternitas
1190 2575 1311 2646 Vestra
1324 2572 1468 2645 invenit.
1489 2575 1627 2650 Verius

645 2698 739 2770 enirn
756 2697 839 2770 divo
866 2697 971 2769 Paulo
990 2707 1044 2768 esi
1064 2697 1196 2789 agnitio
1214 2697 1383 2789 ejusdem,
1403 2719 1484 2793 quae
1499 2721 1628 2771 secun-

636 2819 730 2897 dum
744 2820 908 2916 pietatem
922 2830 989 2906 est,
1007 2820 1042 2891 in
1062 2840 1159 2915 spem
1174 2821 1261 2892 vitae
1274 2835 1431 2895 aeieruae.
1445 2823 1630 2907 Quamcu-

646 2941 793 3035 gnitam,
804 2940 835 3013 si
846 2942 906 3036 qui
920 2963 990 3014 uon
1007 2942 1238 3039 susceperint,
1249 2942 1343 3015 idem
1360 2942 1405 3014 de
1420 2944 1545 3015 talibus
1560 2944 1625 3016 ait:

656 3092 672 3132 u
692 3064 742 3136 Εο
758 3063 854 3158 quod
867 3064 1072 3137 charitatem
1090 3042 1252 3137 reriuatis
1268 3087 1338 3138 uon
1356 3074 1576 3160 receperunt,
1593 3074 1629 3135 ut

648 3188 737 3261 salvi
753 3187 891 3273 fierent,
908 3186 987 3263 ideo
1007 3188 1120 3259 mittet
1135 3189 1201 3261 iliis
1213 3189 1305 3261 Deus
1316 3188 1556 3284 operationem
1572 3208 1632 3259 er-

650 3311 753 3397 roris,
777 3321 814 3383 ut
834 3306 980 3384 credant
1001 3310 1197 3400 mendacio,
1227 3312 1477 3404 urjudicentur
1496 3332 1628 3397 omnes,

650 3436 710 3530 qui
728 3456 798 3507 non
816 3433 1040 3509 erediderunt
1051 3436 1206 3524 veritati,
1221 3437 1284 3510 sed
1300 3447 1550 3513 consenserunt
1563 3435 1633 3509 iui—

651 3557 774 3653 quitari
787 3559 833 3652 (Ξ.
846 3558 966 3632 Thess.
978 3561 1014 3646 2,
1027 3559 1126 3653 40).»
1142 3558 1419 3655 Agnitaequippe
1428 3558 1633 3633 contrariari

652 3680 807 3767 veritati,
824 3681 925 3754 estin
939 3681 1106 3777 Spiritum
1120 3682 1283 3755 Sanctum
1304 3702 1461 3778 peecare.
1481 3682 1524 3757 Ei
1540 3708 1559 3747 α
1573 3680 1634 3776 qui

653 3804 785 3877 dixerit
793 3807 941 3878 verbum
950 3816 1071 3879 contra
1085 3805 1195 3879 filium
1210 3806 1369 3894 hominis,
1381 3806 1575 3880 remittetur
1586 3806 1631 3893 ei,

653 3929 714 4023 qui
725 3940 842 4000 autem
855 3928 986 4003 dixerit
995 3939 1115 4002 eontra
1124 3928 1292 4026 Spiritum
1306 3932 1481 4016 Sanctum,
1494 3949 1562 4001 uon
1579 3949 1636 4001 re-

655 4052 812 4124 mittetur
828 4052 875 4139 ei,
892 4073 1005 4148 neque
1023 4052 1058 4124 in
1073 4052 1139 4125 hoc
1163 4054 1307 4140 saeeulo,
1326 4074 1441 4148 neque
1461 4050 1496 4123 in
1522 4051 1638 4125 futuro

654 4174 771 4267 ruath.
789 4177 846 4259 42,
857 4177 928 4270 32).
949 4206 967 4239 a
979 4176 1134 4249 Permisit
1145 4178 1186 4249 V.
1201 4178 1239 4251 R.
1252 4177 1524 4251 nominationem
1532 4176 1632 4249 caele
