4100 6009
742 876 954 977 st-ra-

380 1146 526 1211 memor,
540 1120 750 1196 saeriiieiom
764 1118 1020 1191 laudisChristo
1034 1118 1157 1192 obtolit
1173 1118 1355 1191 salvatori:

381 1251 528 1323 donaret
544 1248 610 1344 ipsi
627 1246 726 1334 illud,
757 1243 850 1340 quod
867 1244 1001 1316 aPalro
1030 1244 1146 1339 petiit,
1167 1253 1206 1316 ut
1217 1241 1361 1316 discissa

382 1372 545 1442 nimirum
571 1371 692 1443 Russia
721 1365 963 1440 fieretunum:
983 1366 1276 1461 quemadmodum
1289 1367 1362 1460 ipse

382 1520 462 1570 oum
475 1498 576 1569 Patre
588 1504 773 1569 estonum.
794 1493 905 1587 Super
916 1512 976 1564 ara
991 1491 1163 1563 nasoenlis
1178 1490 1313 1564 Domini
1328 1490 1363 1560 iu

381 1620 572 1706 Bethleem,
591 1615 772 1690 morientis
792 1615 828 1685 io
859 1614 1041 1707 Golgotha,
1070 1612 1196 1709 sepulti
1212 1612 1246 1683 io
1262 1610 1363 1684 horto

380 1741 588 1827 Arimathei,
622 1737 851 1811 immortalem
880 1738 952 1810 lieo
994 1736 1109 1809 litavit
1133 1736 1294 1822 hostiam,
1325 1743 1363 1808 ut

380 1864 505 1937 eadem
517 1863 651 1950 Bossia,
668 1858 846 1935 schismati
862 1860 1175 1953 moriens,·suaque
1190 1879 1363 1953 caesapo*
1386 1910 1388 1915 ,

381 1990 471 2061 lions
482 1990 584 2075 mula,
601 1986 721 2061 unioni
733 1994 984 2056 reoasoeretur.
1004 1983 1137 2069 Quibus
1147 2004 1232 2056 vero
1245 1984 1360 2056 anima

379 2134 443 2184 sua
456 2110 646 2186 diffluxerit
662 2108 808 2195 delioiis,
825 2106 918 2180 eoin
936 2107 1014 2179 loeo
1045 2105 1175 2179 iaciens
1196 2106 1363 2179 moroan-

380 2245 455 2307 tum
474 2233 694 2319 sacrificium,
723 2233 846 2326 inquo
865 2232 958 2303 Deus
973 2239 1009 2301 et
1024 2230 1129 2302 homo
1146 2230 1220 2327 ipse
1233 2251 1363 2303 cruen-

381 2370 456 2431 tum
467 2360 604 2432 iecisset
617 2354 825 2431 sacrificium
842 2383 850 2427 ε
867 2354 985 2427 omnia
1001 2354 1127 2426 mentis
1141 2355 1364 2452 corporisque

382 2504 484 2555 seusa
497 2481 553 2554 sui
567 2480 672 2557 foisse
700 2488 774 2552 tum
799 2479 962 2573 absorpta
979 2477 1030 2549 ait
1048 2506 1055 2549 :
1074 2478 1189 2551 omnia
1218 2477 1362 2572 quosiiu

382 2604 569 2701 prasentia
586 2600 738 2683 Domini,
763 2601 884 2673 laetitia
908 2600 1140 2677 inaestimabili
1156 2600 1313 2696 periusa;
1328 2611 1365 2673 et

383 2731 467 2802 vitae
482 2726 678 2824 paradisum
692 2745 713 2798 a
725 2747 763 2797 se
776 2726 968 2812 inventum,
984 2725 1045 2797 ubi
1057 2724 1146 2797 adeo
1160 2726 1365 2798 truculentae

383 2851 515 2926 diriore
526 2847 648 2920 mortis
663 2848 780 2941 imago
805 2847 874 2919 sibi
898 2846 1190 2942 praesentabatur!
1223 2847 1363 2942 Exper-

383 2983 528 3066 tumque
544 2970 640 3057 inibi,
657 2992 764 3066 quam
779 2968 906 3041 dilecta
926 2978 1041 3041 essent
1054 2968 1278 3042 tabernacula
1291 2971 1365 3043 Do—

386 3094 472 3166 miui
487 3092 669 3178 virtutum,
683 3090 728 3163 ad
740 3112 820 3186 quae
846 3090 1057 3186 concupierit
1072 3100 1108 3163 et
1123 3090 1242 3164 delicit
1249 3092 1365 3167 anima

382 3216 573 3307 justorum!
606 3215 650 3289 tu
677 3236 765 3288 vero
794 3214 831 3286 io
860 3213 928 3301 his,
951 3215 1002 3286 sie
1030 3214 1066 3285 in
1088 3214 1165 3288 aliis
1188 3216 1365 3291 slavonico

388 3337 552 3412 idiomme
579 3338 630 3410 ait
646 3359 686 3411 so
708 3340 781 3409 Deo
796 3335 1010 3409 sacrificasse
1034 3336 1131 3425 loeis,
1163 3360 1242 3411 cum
1271 3341 1365 3413 inte-

388 3483 490 3555 grum
505 3460 555 3533 illi
569 3471 661 3535 esset
684 3459 858 3533 oommuoi
875 3480 992 3552 graeoo
1018 3461 1070 3533 oti
1098 3490 1105 3533 :
1139 3461 1301 3538 videlieet
1327 3476 1366 3539 ut

386 3582 547 3655 omuibus
566 3604 609 3655 ea
635 3582 813 3655 utentibus
839 3581 958 3676 lingua
983 3583 1177 3659 nationibus
1205 3586 1302 3659 lortie
1331 3599 1366 3662 et

389 3718 511 3804 puteos
524 3706 690 3779 oaelorum
720 3706 897 3793 eominus,
917 3706 959 3779 iis
976 3706 1104 3802 quibus
1120 3720 1234 3782 nosset
1251 3710 1316 3784 viis
1332 3724 1367 3785 et

390 3832 517 3921 modis,
533 3831 684 3905 salutare
696 3830 866 3903 tribueret
880 3856 1000 3917 uuum
1014 3854 1095 3925 quae
1105 3832 1246 3923 deinde,
1262 3836 1367 3912 eorde

390 3968 426 4032 et
452 3976 515 4030 ore
540 3976 629 4043 uuo,
659 3954 845 4050 gloriosum
868 3964 904 4028 et
936 3954 1110 4029 laudabile
1138 3980 1264 4032 nomen
1293 3960 1369 4052 ejus

333 4152 341 4169 ,
391 4078 683 4153 oonoelebraroot.
702 4078 792 4164 Qoio
808 4077 912 4150 etiam
932 4079 1048 4152 auimo
1063 4080 1198 4175 integra
1209 4091 1245 4154 et
1261 4084 1368 4159 corde

391 4220 490 4296 puro,
506 4198 552 4272 ad
565 4196 658 4273 idem
669 4224 770 4271 unam
782 4200 819 4271 iu
832 4199 978 4273 eoelesia
990 4203 1149 4275 llutheoa
1161 4224 1367 4300 promoven-

394 4320 476 4395 dum
492 4322 643 4418 seipsum
667 4320 941 4397 aedificavisse:
972 4326 1192 4399 munionem
1218 4336 1368 4400 sanctam
