4100 6009
715 1049 716 1054 Ν
784 965 906 1030 -173
929 1002 969 1012 --

376 1178 476 1241 domus
503 1175 616 1240 Domini
644 1175 821 1258 impleretur.
848 1170 912 1236 Neu
944 1174 1127 1236 remansisset
1150 1172 1250 1256 utiquc
1274 1184 1358 1236 extra

376 1285 502 1364 demum,
520 1285 573 1347 uisi
593 1283 668 1348 lulius
681 1283 864 1367 perditionis,
884 1301 977 1366 uagus
997 1281 1086 1344 homo
1098 1293 1128 1345 ct
1141 1281 1277 1367 perfidus,
1296 1281 1358 1346 uita

376 1390 518 1454 communi
531 1408 587 1453 uon
602 1389 717 1473 dignus.

415 1497 473 1562 Sed
501 1499 594 1582 qnidl
622 1496 733 1561 Taliter
754 1515 785 1560 se
807 1493 925 1578 negotio
954 1494 1009 1558 isto
1038 1505 1167 1576 gerente,
1189 1492 1358 1559 schismati-

376 1624 473 1670 corum
487 1604 565 1688 apud
581 1583 870 1668 l'uemSanctitetem
886 1599 1001 1684 culpem
1017 1600 1204 1666 inflexibilem
1219 1599 1358 1666 obstine-

374 1714 494 1790 tionem,
512 1731 548 1776 an
559 1711 746 1796 quorumdam
758 1710 786 1773 in
798 1709 854 1774 hoc
866 1727 956 1793 regnu
970 1708 1179 1774 catholicorum
1193 1711 1357 1775 secordiam

375 1819 530 1902 supinam?
542 1817 626 1884 lleud
641 1820 702 1882 scio
715 1839 721 1879 2
735 1837 859 1904 queram
873 1829 978 1882 umen.
998 1815 1075 1882 Dicit
1090 1813 1246 1882 Dominus:
1260 1838 1358 1881 cernae

376 1924 427 2004 qui
440 1925 566 2006 ccynooit
578 1927 744 1989 volantatem
759 1923 877 1990 Domini
885 1925 941 2004 rai,
960 1937 985 1987 et
995 1945 1049 1988 non
1061 1925 1252 2014 properauit,
1264 1936 1292 1987 et
1303 1945 1360 1988 aen

375 2028 600 2107 fecitecmedum
617 2031 783 2094 uoluntatem
796 2031 866 2112 cjun
881 2029 1025 2113 copulabit
1042 2030 1138 2100 meltis
1148 2030 1200 2112 (ll.
1215 2028 1360 2092 Schisma·

375 2136 450 2200 ticus
465 2146 509 2200 est
517 2153 629 2216 servus,
647 2155 748 2200 servus
773 2147 803 2200 et
821 2135 999 2216 catholicus;
1018 2137 1072 2203 sed
1091 2138 1290 2205 schismaticus
1303 2154 1359 2203 to·

376 2243 516 2310 luntatcm
529 2243 643 2310 Domini
657 2247 702 2310 sui
717 2265 774 2310 non
789 2247 939 2331 cognorit,
950 2245 1113 2312 catholicus
1122 2266 1193 2312 sero
1206 2249 1354 2332 coguovit.

375 2351 445 2416 Cuur
461 2353 558 2436 itaque
569 2365 692 2438 uterque
706 2373 810 2419 servus
830 2354 884 2420 iste
897 2353 1076 2421 voluntatem
1086 2353 1140 2420 Dei
1155 2356 1200 2419 sui
1213 2373 1270 2420 non
1285 2356 1360 2419 lece·

376 2462 423 2540 rit,
440 2473 561 2545 uterque
576 2460 743 2546 vapulabit3
768 2462 819 2526 sed
844 2462 892 2526 hic
905 2461 982 2548 plus,
1005 2461 1057 2529 ille
1071 2464 1176 2528 miuus.
1191 2462 1246 2528 leti
1260 2464 1359 2547 itaque

376 2569 451 2632 servi
466 2580 535 2633 sunt
548 2569 650 2632 merito
670 2569 818 2654 culpandi,
835 2569 885 2654 qui
905 2568 1088 2655 vapulabunt
1099 2569 1199 2634 multis
1211 2593 1217 2634 :
1231 2571 1282 2654 qui
1303 2591 1358 2635 uo·

375 2674 514 2742 luntetem
528 2672 641 2740 Domini
662 2677 706 2740 sui
732 2688 942 2760 cognoverunt,
956 2690 985 2743 et
1006 2697 1065 2741 non
1076 2691 1288 2766 prepararent,
1305 2698 1359 2743 uec

376 2780 531 2845 secundum
546 2779 727 2847 voluntatem
740 2783 805 2866 ejus
815 2783 955 2848 lecerunt.
973 2782 1117 2850 Catholici
1137 2798 1204 2851 suut
1214 2788 1280 2869 jure
1296 2787 1360 2851 cul·-

375 2887 474 2972 pandi,
491 2888 540 2972 qui
558 2886 634 2951 hanc
654 2887 769 2952 Domini
791 2889 836 2952 sui
859 2887 1038 2956 voluntatem
1053 2904 1262 2975 cognorerunt,
1279 2893 1362 2978 quod

375 2993 669 3058 illeumueshomines
680 2992 741 3058 vult
754 2993 851 3058 salvos
863 2995 936 3071 lieri,
951 3007 981 3062 et
992 2996 1216 3083 adagnitionem
1227 3000 1359 3066 veritatis

374 3101 489 3177 uenirc;
506 3110 602 3162 tamen
626 3117 680 3164 ucc
700 3113 899 3186 prepararent
923 3121 977 3166 nec
999 3104 1157 3168 secuudum
1179 3105 1358 3170 voluntatem

375 3210 437 3292 ejus
452 3209 590 3273 lecerunt.
615 3205 680 3272 Nou
704 3217 915 3295 properarunt,
932 3211 1002 3296 quia
1014 3214 1206 3296 permiserunt
1227 3215 1359 3279 subditos
1436 3292 1440 3300 ³

375 3331 427 3379 suo
441 3315 515 3380 lade
526 3314 680 3380 schismate
690 3316 793 3395 teneri,
808 3315 990 3381 cthaereseun
1005 3335 1088 3382 coeno
1102 3319 1198 3384 ohrui.
1212 3321 1276 3386 Non
1286 3323 1360 3386 lecc-

375 3435 441 3488 runt
462 3422 619 3486 secuudum
633 3421 812 3488 uoluntatem
832 3423 906 3505 ejus,
923 3424 1059 3509 quianon
1077 3426 1279 3511 compulerunt
1291 3428 1360 3492 suh·

375 3528 452 3594 ditos
465 3547 534 3593 suos
549 3529 577 3590 in
591 3527 706 3592 donnum
722 3528 836 3594 Domini
853 3530 898 3594 sui
916 3531 1034 3596 intrare.
1052 3531 1105 3598 leti
1117 3532 1190 3596 tales
1199 3535 1276 3596 servi
1292 3547 1361 3601 sunt

375 3634 521 3722 culpandi.
539 3633 592 3701 lsti
606 3636 694 3716 serui,
708 3655 772 3702 mee
787 3637 857 3701 exili
869 3638 1023 3720 sententia,
1035 3639 1202 3725 maneribus
1212 3637 1271 3703 illis
1281 3641 1359 3726 apud

374 3743 555 3812 Ezechielem
568 3749 739 3833 prophetem
751 3758 819 3812 sunt
828 3765 885 3811 nou
898 3748 1064 3814 dissimiles.
1083 3748 1157 3814 Nam
1171 3748 1358 3833 quemadmo-

375 3851 442 3916 dum
460 3851 502 3917 illi
517 3852 595 3936 lana,
612 3853 688 3920 lacte
709 3867 740 3920 et
752 3873 841 3920 carne
859 3856 956 3919 ovium
971 3875 1088 3920 mamm
1101 3856 1232 3940 cooperti
1246 3867 1277 3920 et
1294 3856 1361 3940 pin·

373 3961 499 4044 guelecti
510 3979 580 4026 auce
592 3981 649 4026 nou
660 3962 836 4047 pascebant:
850 3963 893 4028 ita
901 3976 931 4029 et
938 3964 966 4028 hi
978 3965 1007 4028 in
1015 3963 1165 4030 leheribus
1177 3965 1358 4032 subditorum

374 4084 490 4130 suumn
504 4067 682 4152 quotidianis
704 4069 794 4154 positi
808 4089 846 4134 ex
867 4069 1002 4135 censibus
1018 4083 1049 4137 ct
1069 4071 1188 4138 trihutis
1202 4089 1301 4136 eorum
1314 4072 1359 4135 di·

372 4185 625 4259 connuncupare
650 4187 680 4241 et
707 4176 794 4261 bysso
817 4177 1027 4260 induuntur,et
1051 4181 1184 4264 quotidie
1206 4177 1358 4265 splendide

406 4399 442 4464 (ll
459 4399 519 4453 Luc.
530 4399 570 4452 ld.
581 4401 620 4454 t7.
