4100 6009
1139 922 1303 985 ..12-

729 1132 855 1205 mentis
868 1130 1019 1205 deiectio
1035 1128 1136 1215 nulii,
1155 1128 1380 1224 quantumvis
1397 1129 1552 1202 maximo
1567 1132 1715 1223 supersit

731 1255 915 1351 peccatori.
933 1255 972 1325 ln
985 1252 1216 1326 describenda
1232 1273 1337 1348 porro
1362 1252 1446 1325 vitae
1463 1251 1592 1324 Meletii
1608 1252 1712 1337 serie,

731 1377 862 1472 duplici
876 1375 1014 1464 vadam,
1031 1378 1162 1450 sicutet
1174 1377 1260 1470 ipse,
1278 1376 1322 1447 ab
1335 1373 1458 1470 opifice
1474 1396 1536 1446 suo
1552 1376 1714 1447 aversio-

732 1501 797 1586 nis,
817 1498 909 1573 etad
925 1500 1021 1571 iilum
1033 1499 1269 1572 conversionis
1283 1499 1420 1571 itinere.
1433 1499 1476 1570 Et
1488 1498 1714 1592 quemadmo-

731 1623 816 1696 dum
843 1622 1050 1718 praeceilens
1066 1623 1121 1693 vir
1136 1620 1303 1693 Albertus
1317 1620 1508 1693 Kortiscius
1535 1622 1714 1695 societatis

728 1750 823 1836 lesu,
838 1756 1014 1839 testesque
1030 1746 1065 1816 in
1084 1745 1251 1817 Processu
1266 1743 1444 1816 Polooensi
1467 1746 1513 1818 de
1537 1745 1631 1818 beati
1647 1748 1713 1819 Jo-

728 1870 865 1965 saphati
881 1868 1049 1963 martyrio
1075 1867 1188 1962 primo
1202 1887 1283 1938 eum
1301 1866 1435 1939 unionis
1461 1867 1615 1954 Senium,
1631 1867 1712 1940 dein

730 1992 905 2086 appellant
927 1990 1096 2062 Paulum:
1117 1989 1192 2083 pari
1221 1988 1326 2061 etiam
1351 2009 1417 2081 ego
1434 1990 1582 2078 ratione,
1601 1993 1712 2066 vitam

730 2112 807 2203 ejus
817 2112 936 2186 ordiar
951 2132 1132 2184 amunerc
1154 2111 1261 2197 Santi,
1292 2109 1487 2183 terminabo
1504 2112 1540 2183 in
1567 2134 1713 2186 munere

731 2235 839 2307 Pauli.

777 2358 911 2451 Quippe
926 2355 1028 2427 sicuti
1042 2356 1180 2441 Saulus,
1191 2353 1351 2425 ecclesiae
1366 2356 1571 2447 sanguinem
1591 2354 1714 2426 sitiens

729 2479 923 2574 primaevae,
941 2477 1151 2573 Stephanum
1164 2476 1315 2571 glorioso
1332 2477 1512 2550 coronavit
1525 2478 1710 2572 martyrio;

730 2604 779 2673 ita
802 2602 962 2675 Meletius
977 2599 1139 2696 primitiis
1152 2599 1291 2671 inhians
1307 2601 1444 2672 unionis
1457 2600 1711 2695 opprimendis,

728 2724 952 2817 tosapnatum
967 2722 1014 2795 ad
1029 2722 1202 2795 oaelestem
1227 2723 1385 2819 martyrii
1398 2723 1525 2795 extulit
1542 2725 1709 2797 tauream.

729 2844 898 2939 Quodque
910 2846 1047 2938 augusti
1061 2842 1211 2915 nominis
1220 2842 1341 2916 doctor
1350 2841 1565 2938 Augustinus
1576 2844 1622 2917 dc
1634 2866 1715 2917 con-

728 2989 831 3039 verso
852 2976 1048 3038 asseruerat
1063 2967 1193 3038 Paulo:
1227 2966 1293 3037 «Si
1309 2967 1504 3062 Stephanus
1518 2988 1589 3038 non
1610 2987 1708 3037 oras-

730 3105 795 3179 set,
815 3092 960 3166 eooiesia
975 3092 1081 3164 Paulo
1094 3090 1198 3163 hodie
1210 3091 1399 3179 caruisset;
1427 3118 1442 3159 u
1472 3092 1565 3163 idem
1583 3090 1718 3187 pariter

728 3227 765 3290 et
776 3217 960 3289 Processus
973 3214 1169 3287 Poloocnsis
1186 3226 1221 3287 et
1237 3226 1450 3287 memoratus
1462 3216 1652 3289 Kortiscius
1666 3215 1714 3287 dc

729 3359 896 3411 converso
908 3347 1067 3409 asserunt
1083 3337 1237 3410 Meletio:
1261 3362 1277 3403 ι(
1302 3337 1338 3408 Si
1352 3338 1516 3434 Josephat
1528 3361 1597 3411 non
1610 3358 1716 3409 oras-

729 3468 795 3547 set,
812 3459 894 3532 unio
911 3460 1050 3533 Meletio
1063 3460 1167 3533 hodie
1180 3460 1360 3533 caruisset.
1391 3489 1411 3527 n
