4100 6009
1076 975 1258 1039 -112-

680 1185 910 1282 erataugusti‚
928 1184 1286 1258 Smotriseiussomma
1302 1183 1379 1256 luce
1396 1184 1440 1260 ad
1457 1187 1659 1261 Boreccium

679 1308 993 1404 metropolitanum,
1015 1326 1218 1399 germanam
1234 1305 1311 1399 ejus
1326 1306 1567 1404 Porphyrium,
1579 1309 1660 1384 dia-

679 1453 816 1512 conum.
836 1451 915 1503 cnm
928 1429 1051 1501 litteris
1067 1428 1162 1501 hisee
1174 1427 1304 1500 direxit
1326 1457 1332 1499 :

733 1579 749 1620 a
774 1552 928 1624 Absente
959 1549 1217 1647 patrefamilias,
1238 1569 1363 1645 panem
1379 1551 1454 1643 eins
1479 1549 1653 1650 desipere.

678 1673 714 1744 Si
731 1694 813 1748 casu
830 1672 868 1744 id
883 1671 954 1760 fiat,
974 1691 1052 1746 esse
1074 1670 1279 1758 tolerabile;
1308 1673 1339 1744 si
1354 1693 1401 1744 ex
1425 1674 1583 1763 consilio,
1601 1676 1657 1748 in-

673 1799 852 1890 jnriosum:
863 1799 963 1873 Iussu
975 1797 1244 1890 eJuscommnne
1254 1797 1441 1870 accessisse
1452 1798 1652 1880 eonsilium.

674 1921 711 1994 Si
732 1943 812 2016 quae
835 1922 881 1992 ab
898 1919 1070 1996 immerito
1095 1918 1211 1992 minus
1229 1926 1375 2012 paterna
1390 1932 1482 1995 oeset
1500 1922 1653 2010 aversio,

674 2045 808 2118 facilius
823 2067 875 2132 eo,
892 2041 1230 2118 inlectisrediturom
1244 2041 1464 2129 aebdomada
1480 2046 1652 2133 venisset,

675 2189 779 2264 quam
802 2189 872 2263 qno
901 2167 1066 2240 venisset.
1104 2164 1242 2237 Nullam
1273 2185 1311 2241 se
1338 2166 1413 2257 ejus
1439 2178 1656 2266 contemptus

674 2311 793 2364 ansam
815 2289 1029 2386 praebuisse,
1050 2287 1116 2360 nisi
1136 2288 1224 2360 forte
1239 2286 1322 2382 quio
1337 2287 1490 2364 haereses
1503 2293 1655 2388 scripto-

674 2438 751 2488 rum
764 2415 897 2490 Rosciae
912 2412 1136 2498 denudasset,
1161 2419 1222 2482 aut
1237 2411 1379 2485 modum
1393 2413 1559 2487 iratribus
1572 2437 1654 2512 con-

673 2538 814 2613 ciliandi
843 2537 1105 2610 cumfratribus
1126 2533 1322 2608 indicasset.
1344 2536 1494 2613 Tertium
1511 2515 1581 2617 aon
1595 2514 1655 2614 re-

672 2661 792 2756 periri.
821 2659 963 2746 Quodsi
979 2658 1198 2744 excessisset,
1214 2657 1388 2732 medelam
1407 2681 1476 2732 non
1501 2662 1539 2732 in
1566 2669 1656 2737 motu

670 2793 706 2855 et
727 2781 821 2868 odio,
848 2781 963 2854 sedin
988 2781 1131 2853 caritate
1146 2779 1262 2852 omnia
1279 2780 1476 2855 aedificante
1492 2804 1653 2877 quaeren-

671 2904 764 2985 dam.
780 2905 830 2980 Ea
845 2905 976 3000 quippe
990 2904 1126 2976 ratione
1147 2923 1216 2974 non
1233 2905 1363 2992 sanari,
1380 2904 1442 2978 sed
1456 2905 1653 2981 exulcerari

672 3028 823 3102 morbos.
844 3029 887 3100 Et
910 3027 1056 3108 cuilibet
1087 3025 1231 3099 decreto
1261 3048 1402 3103 mmam
1430 3027 1652 3124 judicemque

665 3151 930 3241 lustumaoesse
950 3150 1092 3225 debere.
1109 3150 1190 3223 Sine
1205 3151 1332 3244 quibus
1348 3173 1447 3224 reum
1457 3149 1653 3244 judicatum

668 3273 866 3356 indemnem
888 3273 1022 3346 haberi.
1046 3276 1181 3366 Rogare
1193 3273 1347 3368 insuper,
1368 3272 1479 3347 neila
1491 3271 1650 3360 laedatnr,

674 3409 710 3475 ul
725 3398 825 3480 laesio
842 3395 1051 3472 medicinam
1069 3404 1259 3489 respuat.»
1374 3434 1376 3437 -
1440 3488 1446 3492 .

715 3519 875 3596 Abeunte
889 3541 968 3592 oum
983 3517 1108 3590 litteris
1124 3515 1282 3602 diacono,
1306 3538 1450 3614 serpere
1474 3519 1565 3589 inter
1577 3517 1652 3609 ejus

666 3643 871 3716 famulitium
880 3643 962 3716 novi
977 3661 1145 3726 rumores,
1161 3636 1340 3712 dominum
1357 3651 1651 3714 eorometomnes

666 3785 745 3838 oum
766 3784 822 3852 co,
850 3762 1211 3836 excommunicatione
1226 3763 1380 3835 erastino
1400 3761 1585 3834 feriendos.
1606 3761 1650 3834 lit

665 3909 853 3961 nonnnum
866 3883 1034 3960 siccatam
1050 3884 1111 3977 isio
1125 3883 1363 3960 Borislhenem
1388 3887 1458 3958 illio
1487 3885 1643 3978 vocitari)

663 4009 867 4085 bibiturum.

712 4134 784 4208 Sub
797 4133 980 4209 meridiem
993 4156 1182 4228 germanus
1203 4137 1369 4225 Boreccii,
1393 4135 1554 4211 Andreas
1588 4155 1647 4209 co-

661 4254 764 4326 mites
784 4275 804 4326 e
824 4255 917 4326 clero
941 4257 1130 4329 Smotriscii
1153 4256 1349 4330 accedens:
1366 4284 1427 4353 per
1444 4259 1560 4348 Deam,
1585 4260 1645 4330 in-

660 4375 747 4469 quit,
767 4373 951 4472 inteqrt'tott'
974 4401 1041 4448 suc
1070 4375 1213 4450 consolat
1244 4375 1519 4478 archiepiscopatu
1536 4381 1643 4453 disce-
