4100 6009
1118 1060 1281 1125 ..90-

708 1271 876 1343 submisse
906 1269 1117 1365 imploraret.
1155 1271 1300 1343 Teneret
1334 1282 1503 1359 ruentem,
1541 1274 1690 1347 salvaret

708 1406 912 1491 pereuntem
933 1421 940 1465 :
960 1404 999 1507 ut
1014 1394 1073 1466 ille
1087 1393 1145 1489 qui
1162 1408 1198 1469 et
1213 1394 1340 1468 cadere
1356 1397 1478 1491 ipsam,
1494 1408 1530 1471 et
1544 1410 1648 1485 stare,
1659 1400 1689 1471 si

708 1523 808 1610 velit,
826 1521 1041 1617 permittam,
1057 1521 1240 1616 facereque
1254 1522 1372 1616 possit.
1393 1521 1537 1608 Cadere,
1560 1524 1591 1595 si
1607 1524 1690 1596 nul-

711 1642 778 1714 lam
800 1642 907 1737 ipsius
924 1636 1092 1715 rationem
1115 1632 1277 1727 duxerit3
1299 1652 1405 1730 stare,
1429 1642 1458 1715 si
1477 1664 1595 1717 curam
1616 1646 1692 1736 ejus

708 1763 917 1860 pastoralem
948 1763 1071 1859 egerit.
1107 1766 1258 1837 Etcum
1291 1764 1428 1838 dicatur
1453 1764 1591 1859 cadere,
1620 1791 1689 1841 non

710 1885 814 1959 modu
832 1887 1024 1959 animarum
1042 1886 1189 1979 intelligi
1209 1908 1341 1973 casum,
1364 1886 1426 1960 sed
1446 1870 1689 1977 etiam'alium,

710 2010 843 2083 scilicet
874 2010 930 2081 vel
972 2010 1114 2082 inritam
1138 1998 1294 2083 Russiam
1318 2011 1363 2083 ab
1389 2009 1585 2083 obedientia
1617 2008 1693 2103 ejus

710 2131 1019 2228 posseahscedere.
1038 2133 1159 2204 Patere
1171 2132 1292 2217 oculis,
1303 2116 1689 2227 quidhioschusegeri13

711 2268 878 2352 quantum
894 2255 1098 2342 dominium,
1112 2277 1192 2327 cum
1208 2256 1344 2351 populis
1361 2278 1402 2328 ac
1421 2258 1632 2348 nationibus,
1645 2262 1693 2333 ab

712 2378 931 2450 incunabulis
954 2376 1038 2451 fidei
1053 2378 1128 2470 ejus
1143 2377 1309 2472 obsequio
1332 2376 1518 2467 adstrictis,
1534 2380 1582 2452 ita
1594 2374 1693 2453 avul-

711 2503 808 2589 serit,
829 2512 867 2574 ut
882 2502 1015 2575 nulium
1036 2502 1097 2574 ulli
1118 2501 1224 2573 statui
1241 2502 1484 2575 commercium
1506 2524 1586 2575 cum
1610 2506 1695 2580 sede

711 2627 1086 2722 Constantinopolitana
1103 2626 1233 2698 hahere
1250 2626 1364 2699 liceat.
1380 2627 1424 2698 Et
1436 2610 1601 2700 Polonum
1617 2630 1695 2724 quis

713 2752 796 2823 talia
820 2749 1033 2845 prohibeat?
1057 2749 1269 2844 potissimum
1293 2750 1339 2822 0b
1364 2759 1552 2845 tyrannum
1571 2750 1695 2822 Turri-

711 2898 805 2963 cum,
820 2874 926 2947 rebus
941 2874 1206 2947 christianorum
1218 2874 1426 2948 inhiantem?
1438 2873 1571 2960 Quibus
1585 2852 1696 2948 inten-

712 3002 803 3074 siore
816 3020 885 3094 qua
897 3019 959 3092 par
971 3007 1024 3070 est
1038 2998 1216 3093 perpensis
1231 3009 1360 3084 mente,
1370 2998 1455 3069 velit
1462 2998 1698 3094 impendentia

712 3124 845 3199 Russiae
863 3142 1027 3194 amovere
1044 3121 1145 3191 mala.
1166 3120 1237 3191 Nec
1255 3121 1324 3192 ullo
1341 3119 1376 3193 id
1394 3120 1536 3194 meliore
1555 3133 1696 3215 praesu-

713 3265 813 3324 turus
823 3242 1154 3338 essetm0d0‚quam
1163 3242 1192 3315 si
1201 3243 1362 3315 omnibus
1375 3242 1411 3314 id
1425 3243 1529 3316 remis
1542 3244 1695 3338 velisque

710 3374 747 3443 in
763 3389 919 3466 praesens
931 3374 1165 3460 promoveret,
1179 3362 1272 3457 quod
1285 3372 1387 3436 antea
1399 3358 1597 3475 duorumin
1610 3364 1696 3436 Rus-

710 3493 762 3566 sia
781 3489 921 3563 nuntius
937 3486 1220 3582 patriarcharum.
1241 3486 1425 3572 Nimirum,
1443 3497 1480 3559 ut
1501 3486 1609 3558 verba
1621 3486 1697 3577 ejus

711 3622 848 3698 sonant,
864 3611 1041 3698 intereos,
1055 3610 1115 3704 qui
1129 3609 1294 3680 unitatem
1311 3609 1456 3703 cupiunt
1472 3628 1513 3679 ac
1530 3606 1694 3702 profiten-

712 3747 782 3822 tur,
793 3746 898 3829 atque
909 3733 986 3805 illos
996 3733 1056 3829 qui
1071 3732 1106 3804 in
1118 3752 1160 3803 ea
1174 3750 1241 3803 non
1254 3741 1347 3817 sunt,
1364 3740 1400 3801 et
1416 3730 1562 3825 reliqua,
1576 3751 1695 3825 pacem

710 3858 860 3950 aliquam
886 3865 921 3926 et
945 3853 1185 3951 symphoniam
1207 3852 1411 3925 institueret.
1445 3853 1545 3925 iilum
1569 3853 1698 3946 quippe

711 4000 788 4051 esse
801 3988 903 4072 caput
921 3999 1035 4064 suum,
1054 3975 1149 4070 quod
1166 3975 1394 4071 respicientes
1416 3975 1516 4047 multi
1533 3972 1693 4060 hut-beni,

711 4100 746 4170 in
763 4100 889 4170 unione
905 4119 1019 4193 neque
1036 4100 1116 4183 sint,
1131 4117 1244 4191 neque
1257 4118 1334 4169 esse
1352 4098 1462 4169 velint
1484 4122 1491 4166 :
1520 4096 1624 4190 idque
1642 4096 1697 4190 pie

711 4243 749 4293 se
762 4223 876 4294 facere
888 4221 1044 4295 credant.
1065 4220 1214 4315 ideoque
1231 4222 1321 4292 inter
1334 4244 1372 4293 se
1387 4244 1455 4293 non
1474 4219 1694 4305 conveniant,

711 4343 816 4413 immo
843 4343 955 4437 potius
982 4343 1156 4414 haereticis
1176 4342 1354 4415 erroribus
1383 4341 1625 4413 consentiant:
1659 4338 1697 4412 ut¹

715 4466 788 4561 ipsc
811 4465 856 4538 ud
879 4466 1092 4539 Sulihovium
1111 4467 1236 4537 fatetur
1260 4450 1569 4561 archiepiscopum.
1598 4461 1697 4548 Quod
