4100 6009
772 1038 934 1101 „73-

360 1237 539 1342 peccatum
555 1244 649 1342 quod
667 1246 875 1331 meum-luit,
893 1247 928 1317 in
942 1246 1210 1333 Te‚Beatissime
1224 1250 1338 1336 Pater,

360 1391 552 1464 consequar
574 1370 720 1465 gratiam
740 1378 776 1440 et
794 1369 915 1455 vitem,
935 1391 1018 1462 quae
1046 1370 1106 1441 Dei
1137 1381 1212 1457 est;
1230 1374 1343 1446 lacere

360 1516 417 1565 me
443 1493 599 1588 digneris
627 1492 710 1564 sicut
740 1517 841 1563 unum
861 1489 900 1563 de
920 1491 1127 1584 ncercenorlis
1155 1492 1242 1565 Tuis.
1272 1496 1343 1567 lloc

361 1638 468 1687 unum
480 1624 576 1711 opto,
589 1626 626 1688 ut
643 1617 731 1689 sicut
743 1637 791 1687 ex
806 1614 913 1689 corde
925 1638 1005 1688 cum
1017 1614 1149 1687 Davide
1162 1626 1344 1710 peccatore

359 1739 457 1813 dico:
472 1737 608 1837 peccavi,
618 1737 763 1824 Domine,
778 1739 826 1811 ita
839 1749 875 1810 et
889 1761 969 1810 cum
986 1738 1123 1826 eodem,
1141 1738 1234 1825 ale,
1253 1741 1344 1811 Bea-

361 1862 491 1934 tissime
508 1865 623 1946 Pater,
640 1861 802 1934 audiam:
822 1861 980 1933 Dominus
1004 1861 1249 1934 transtulitote
1266 1886 1344 1959 pec-

360 1999 467 2056 catum
482 1999 584 2056 tuum.
597 1986 646 2056 ue
659 1985 788 2079 quibus
802 1986 964 2058 omnibus
977 1986 1096 2073 lucius,
1115 1985 1234 2073 credo,
1258 1987 1344 2058 illu-

359 2109 548 2182 strissimus
565 2131 663 2181 meus
693 2120 791 2204 pater
821 2119 857 2181 et
879 2119 997 2205 pastor
1023 2109 1232 2182 Beatitudini
1249 2114 1339 2183 Ves-
1365 2154 1376 2177 .

359 2241 425 2303 trae
453 2232 656 2326 perscribet.
688 2233 842 2319 Interim,
864 2254 944 2326 quae
969 2231 1055 2303 mihi
1091 2233 1127 2303 in
1154 2234 1207 2307 bis
1237 2236 1343 2306 initiis

335 2351 496 2424 ¹unionis
527 2353 770 2439 occurrebant,
802 2374 913 2425 sacrae
938 2354 1207 2448 congregationi.
1231 2356 1341 2427 sancti

361 2472 472 2544 Officii
500 2473 739 2569 proponenda,
758 2474 834 2547 aliis
859 2474 947 2546 meis
971 2474 1095 2546 litteris
1120 2474 1166 2546 ad
1182 2476 1343 2548 eamdem

362 2592 518 2680 directis,
535 2597 706 2690 expressi,
731 2618 789 2668 me
810 2597 844 2666 in
861 2597 1022 2669 omnibus
1040 2618 1125 2691 pure
1137 2608 1231 2692 pute,
1247 2598 1341 2683 Tuae,

360 2718 559 2791 Beatissimo
572 2720 685 2805 Pater,
706 2720 875 2792 voluntati
892 2719 1090 2811 subjiciens.
1108 2722 1344 2813 Dens-glorio-

360 2865 419 2915 sus
434 2844 536 2916 laciat
550 2846 728 2917 mclacere
741 2845 835 2940 qnod
848 2844 963 2936 jubes.
976 2845 1132 2931 Tuvero,
1144 2847 1344 2919 Beatissime

360 2967 795 3058 Pater,jnbeasmelacere
810 2968 905 3064 quod
921 2968 986 3039 vis.
1005 2968 1128 3039 lterata
1144 2967 1286 3040 demum
1298 2969 1344 3040 ed

360 3085 469 3179 pedes
482 3089 710 3163 Beatitudinls
726 3090 860 3163 Vestree
880 3090 1118 3184 provolutione
1138 3089 1346 3161 benedictio

359 3230 438 3280 nem
454 3232 517 3304 pro
545 3233 602 3283 me
630 3212 1004 3285 Beatitudinichstrae
1033 3212 1224 3284 humillime
1250 3224 1339 3307 peto.

358 3334 467 3419 Quam
487 3334 578 3405 Deus
589 3335 745 3407 ecclcsiae
764 3356 838 3407 suae
852 3345 982 3408 sanctae
994 3346 1030 3406 et
1043 3334 1344 3429 reipublicae-chri-

357 3456 482 3530 stianae
498 3479 603 3551 quam
615 3457 808 3529 diutissime
824 3467 941 3529 servet
954 3457 1174 3531 incolumem.
1197 3460 1341 3545 Dubnae,

354 3574 431 3665 julii
444 3580 481 3665 6,
499 3600 590 3652 anno
610 3576 717 3651 ⁴627.
736 3608 751 3646 n

363 3819 491 3893 urbano
527 3824 605 3896 Vll!
634 3824 785 3923 Pontifici
826 3826 969 3897 maximo
999 3827 1155 3923 Jusepdus
1185 3828 1343 3911 llutsct'us,

512 3933 767 4032 archiepiscopus
779 3936 906 4008 Ruceioe
921 3936 1189 4033 metropolitanus.

413 4198 431 4232 ι(
449 4171 575 4243 Reddit
590 4174 801 4247 Beatitudini
815 4178 961 4260 Vestrae,
981 4197 1044 4269 per
1059 4196 1115 4246 me
1132 4198 1172 4247 ac
1191 4199 1269 4249 suas
1282 4179 1344 4250 lit-

359 4302 465 4378 tcrus,
484 4292 720 4369 obedientiam
740 4297 1062 4370 Reverendissimus
1083 4298 1239 4372 lleletius
1252 4302 1346 4372 Smo·

359 4415 1342 4523 triscius‚nuncupatusarchiepiscopusPolocensis,schis-
