4100 6009
822 913 984 1016 ..95¹-

410 1117 685 1213 provincialem,
725 1140 789 1214 pro
826 1118 1029 1206 celebritate
1069 1117 1322 1213 Assumptiunis
1354 1121 1389 1194 iu

410 1244 533 1316 caelnm
551 1243 824 1338 Virgineae,anni
841 1245 1021 1331 currentis,
1039 1244 1279 1316 ecelesiasticis
1290 1246 1394 1339 pari·

410 1377 463 1440 ter
493 1380 595 1464 atque
620 1368 716 1441 laicis
742 1368 788 1442 de
808 1369 915 1441 nobili
937 1368 1100 1461 civilique
1116 1365 1387 1441 statuindiocre.

409 1491 510 1577 Quod
527 1491 631 1564 etiam
648 1490 692 1562 ab
706 1492 843 1564 illorum
858 1513 1044 1578 consensu,
1063 1490 1183 1565 divina
1199 1490 1250 1563 siu
1263 1513 1391 1587 perur-

410 1624 514 1707 gente
541 1633 665 1709 prena,
692 1613 941 1709 dependerent.
974 1611 1262 1707 Quandoquidem
1296 1613 1391 1688 enim

408 1747 582 1808 sacratum
599 1736 758 1810 ecclesiae
770 1737 954 1832 abegerint
969 1746 1127 1830 caput,a
1152 1736 1247 1810 laicis
1272 1747 1309 1808 ut
1335 1758 1391 1808 re-

411 1866 591 1949 gerentur,
623 1860 818 1931 necessariu
848 1859 939 1955 apud
968 1879 1029 1930 eos
1058 1858 1217 1930 invaluit.
1241 1860 1307 1932 Pro
1323 1879 1392 1953 qna

412 1977 548 2072 synodo
560 1979 741 2052 Boreccius
756 1979 1055 2074 metropolitanus,
1067 1979 1199 2051 litteras
1211 1977 1256 2051 ad
1272 1998 1393 2050 omnes

411 2111 520 2174 status
536 2103 770 2175 transmittere
791 2102 949 2175 decrevit
973 2102 1171 2174 invitantes,
1192 2102 1392 2174 Smotriscio

413 2246 518 2312 vero,
548 2224 594 2298 de
619 2247 789 2299 consensu
815 2226 983 2311 omnium,
1010 2224 1252 2312 demandavit,
1284 2234 1323 2297 ut
1348 2247 1391 2298 ca

413 2351 659 2440 conscriberet,
675 2353 801 2446 quibus
816 2374 936 2426 omnes
953 2349 1154 2447 persuaderi
1170 2360 1206 2421 et
1223 2347 1392 2424 accedere

413 2473 458 2544 ad
474 2473 644 2568 synodum
671 2487 824 2570 possent.
848 2475 899 2547 llo
930 2474 1145 2570 potissimum
1167 2470 1250 2555 fine,
1290 2480 1326 2543 ul
1357 2471 1392 2541 in

413 2617 532 2668 amore
563 2598 729 2684 fraterno,
761 2598 924 2694 pacisque
949 2595 1151 2682 dulcedine,
1181 2594 1393 2689 dispicercnt

412 2717 553 2790 modum
579 2719 745 2806 universi,
772 2741 842 2814 quo
866 2719 984 2792 illaesis
1009 2718 1159 2810 juribus,
1182 2715 1389 2812 privilegiis,

414 2837 571 2933 fideque,
615 2851 653 2913 ut
688 2843 800 2933 ajunt,
836 2843 1051 2929 orthodoxa,
1089 2840 1201 2912 divisa
1233 2839 1324 2910 inter
1354 2858 1392 2908 se

414 2964 532 3036 llussia
556 2964 723 3037 uniretur.
749 2964 899 3059 Indeque
925 2966 970 3038 ab
992 2965 1154 3038 omnibus
1174 2960 1288 3035 eidem
1304 2983 1393 3036 con-

412 3108 560 3173 oessum,
581 3097 618 3159 ut
644 3109 724 3159 cnm
753 3089 938 3160 Boreccins
962 3088 1035 3161 suis
1059 3085 1232 3182 synodum
1258 3084 1391 3157 indice-

412 3214 464 3279 ret
480 3207 615 3296 litteris,
641 3210 714 3305 ipse
731 3231 852 3282 causas
877 3208 1001 3305 synodi
1026 3209 1252 3302 conciperet:
1273 3217 1392 3280 et'sex

413 3331 503 3402 inter
518 3332 700 3404 ecclesiam
719 3331 1133 3429 utramquedifferentias,
1154 3329 1297 3404 totidem
1310 3351 1391 3402 oon·

411 3452 680 3528 siderationibus
711 3456 990 3550 comprehensas,
1022 3455 1166 3549 Jamque
1189 3451 1279 3524 bene
1297 3452 1332 3522 in
1349 3473 1393 3523 eo

410 3575 554 3648 oonsilio
569 3587 742 3671 pensatas
760 3586 796 3648 et
812 3577 911 3648 facile
929 3578 1021 3648 inter
1038 3574 1245 3648 dissidentes
1270 3573 1390 3646 catho-

412 3696 750 3792 licosquelluthenos
763 3697 1009 3784 conciliandas,
1032 3697 1238 3790 divulgaret.
1259 3695 1402 3786 Quibus

412 3821 561 3905 statutis,
583 3821 616 3891 in
633 3822 759 3893 unione
775 3823 967 3894 animorum
990 3843 1059 3893 non
1085 3819 1163 3892 ficta
1181 3833 1391 3893 conventum

414 3941 563 4014 solvere.
