4100 6009
758 944 940 1008 -133-

352 1149 476 1245 piscopi
490 1145 726 1246 ncetropoiitoni
736 1149 838 1246 pollio
852 1149 892 1222 nd
906 1151 975 1249 ipso
986 1179 1050 1224 non
1063 1156 1228 1254 requirunt
1247 1186 1257 1228 :
1275 1185 1338 1233 non

356 1274 466 1374 Cypri
484 1287 513 1345 ct
536 1272 649 1344 Iberioe
665 1271 893 1371 archiepiscopi
909 1273 1068 1372 occipiunt
1094 1307 1101 1351 ε
1125 1305 1189 1351 non
1204 1278 1334 1370 Secbioe,

355 1421 418 1467 non
433 1395 573 1496 illyrici,
588 1410 646 1468 out
658 1394 867 1470 Aciridcnees
882 1423 921 1471 cc
932 1399 996 1472 sibi
1011 1399 1090 1472 dori
1101 1399 1141 1473 ab
1153 1400 1259 1475 cedern
1273 1431 1338 1502 po·-

217 1575 221 1582 .
354 1520 490 1606 stuiont,
508 1545 563 1592 nec
575 1517 645 1594 teilo
660 1519 694 1590 bi
710 1545 815 1594 omnm
833 1521 996 1619 sinpulcri
1015 1520 1191 1597 obedientia
1206 1526 1250 1600 od
1267 1554 1338 1625 pc-

353 1641 529 1715 trioooinnc
535 1645 758 1742 Byauntinum
769 1645 963 1742 reseruntur,
978 1636 1181 1722 immotas
1193 1674 1268 1722 mos
1277 1676 1338 1750 per

352 1788 385 1835 ne
402 1779 517 1862 repunt
532 1793 542 1837 .·
560 1780 592 1840 et
605 1766 683 1865 quid
696 1769 875 1841 nocumenti
885 1770 1088 1866 potiuntur?
1103 1770 1166 1844 Sed
1180 1773 1338 1846 sileantur

355 1899 499 1961 courum
514 1890 596 1961 Ecce
606 1891 729 1963 ansin
741 1917 826 1962 onno
839 1895 852 1962 t
863 1896 925 1963 05⁴
946 1920 968 1965 c
979 1891 1134 1967 Miciocle
1148 1893 1336 1985 Cerolinrio,

356 2009 538 2086 seiunctis
552 2013 731 2114 corppioeo,
754 2017 1014 2087 mnsecrotionem
1032 2017 1085 2089 cui
1100 2019 1338 2116 metropolitani

356 2131 658 2211 notuitHiiorionis.
671 2139 718 2209 Et
726 2151 761 2209 ut
769 2136 861 2209 ilium
868 2137 904 2209 id
913 2138 1073 2235 temporis,
1083 2133 1242 2214 manuni
1253 2149 1267 2216 i
1279 2146 1335 2229 ts,

355 2253 465 2326 relicto
476 2257 676 2352 potriocciro,
696 2257 900 2344 Clementem
918 2285 1002 2330 cnno
1020 2258 1127 2347 iiii,
1144 2259 1338 2359 Grcporinm

359 2378 582 2467 Comicicmcm,
604 2407 665 2480 per
684 2407 758 2455 suos
776 2382 953 2482 episcopos,
980 2381 1173 2480 &scorium
1196 2385 1334 2475 tondens,

357 2503 542 2579 monachum
558 2505 952 2604 Constantinopolitonum,
965 2533 1023 2606 pcc
1038 2507 1136 2580 Pium
1147 2511 1193 2595 ΙΙ,
1207 2512 1337 2610 pontifi-

357 2655 422 2703 cem
434 2653 611 2715 romonum,
626 2630 662 2701 in
675 2629 924 2728 archiepiscopos
936 2629 1090 2703 initiavit.
1106 2632 1153 2702 Et
1165 2633 1256 2730 quoio
1264 2629 1339 2707 inde

360 2751 436 2823 tulit
448 2752 694 2824 detrimentum?
709 2752 804 2824 idem
822 2753 987 2840 futurum,
1005 2753 1065 2839 ait,
1084 2754 1113 2826 si
1129 2757 1336 2850 peculiarem

358 2877 426 2949 sibi
439 2877 494 2948 vei
508 2875 818 2972 archiepiscopum,
839 2877 893 2946 vel
910 2871 1139 2971 patriarcham
1153 2879 1274 2952 Russia
1286 2903 1338 2954 as·

358 3009 524 3071 sumeret.
543 3001 702 3085 Quinimo
721 3021 805 3095 pace
820 3021 899 3071 cnm
914 3001 950 3070 S.
971 3001 1010 3072 R.
1034 3000 1074 3072 E.
1101 3011 1137 3073 et
1153 3003 1285 3074 cunctis
1302 3004 1336 3076 in

360 3145 469 3217 regno
485 3123 634 3195 Potoniae
649 3124 725 3214 ejus
751 3122 842 3195 iilius
858 3123 954 3208 inita,
976 3125 1159 3197 innumera
1175 3125 1250 3216 ejus
1262 3136 1338 3198 sta-

359 3245 463 3330 tibus,
478 3245 580 3336 juxta
595 3257 779 3341 utrumque
792 3246 977 3332 bominem,
999 3256 1159 3319 secutura
1176 3248 1279 3319 bona.
1292 3247 1339 3320 m

360 3389 423 3463 per
450 3377 501 3440 tot
525 3370 652 3442 saecuta
691 3367 899 3440 obedientiae
936 3367 1333 3462 Constantinopolitanae,

359 3495 444 3589 quid
476 3495 558 3566 boni
597 3493 887 3588 comparavisset?
931 3491 1153 3564 benedixisse
1195 3492 1338 3586 quidem

361 3618 469 3689 Deum
485 3615 630 3702 bassim,
646 3615 719 3689 sedi
733 3624 933 3687 memoratae
945 3613 1207 3699 obsecundanti,
1221 3615 1282 3686 sed
1295 3635 1339 3686 eo

361 3725 577 3836 intempore,
593 3750 714 3812 comet
727 3739 786 3811 itia
796 3739 1046 3832 obsequeretur
1058 3738 1232 3810 Romanae.

410 3865 448 3937 in
463 3887 616 3962 presens
627 3873 741 3937 autem
758 3883 870 3957 neque
893 3862 987 3948 huic,
1007 3884 1120 3956 neque
1137 3863 1200 3949 itti,
1217 3863 1253 3933 in
1268 3865 1338 3935 nito

362 3987 525 4068 oaeiorum
555 3987 733 4059 Dominum
765 3984 983 4057 benedicere.
1023 3984 1174 4054 Exuiare
1204 3982 1340 4056 divinas

362 4108 596 4204 humanasque
626 4119 729 4194 artes,
746 4107 866 4180 deesse
887 4107 996 4178 divini
1016 4105 1116 4177 verbi
1144 4126 1335 4200 praecones,

362 4228 552 4302 desiderari
568 4231 603 4303 in
620 4232 740 4326 spiritu
757 4241 884 4325 patres,
902 4229 1096 4301 extinctam
1112 4228 1148 4298 in
1161 4235 1339 4299 monaste-

363 4348 423 4420 riis
446 4349 671 4449 disciplinam,
699 4353 870 4444 objectam
890 4373 908 4423 a
930 4330 1123 4446 pastoribus
1144 4349 1338 4421 animarum

1191 4456 1208 4508 u
