4100 6009
744 1443 856 1480 {Mlius
867 1444 937 1479 111.ss
948 1442 1068 1489 ῦΙΙΟΙΙΙξ
1082 1440 1113 1477 ΙΙ)
1124 1440 1284 1477 ΙΑΪΙΙΔΙΜΔΙ
1297 1438 1582 1477 ῦῦΝῦῗΑΜΙΗΟΙὮΗΙᾸΜΙ
1593 1439 1693 1476 selim.

721 1869 725 1875 ⁸
775 1891 880 1961 Porro
896 1886 1024 1958 excelsi
1041 1886 1096 1958 vir
1110 1885 1218 1957 animi
1226 1894 1262 1956 et
1278 1885 1343 1957 zeli
1361 1895 1479 1979 pastor
1494 1886 1701 1971 demirandi,

724 2012 892 2106 Iosephus
914 2012 1084 2097 Rutscius,
1118 2010 1293 2083 Melctium
1313 2012 1478 2083 Dermani
1507 2024 1704 2085 manentem

724 2138 908 2210 sollicitare
925 2158 992 2208 non
1008 2136 1122 2223 desiit,
1137 2137 1219 2229 quin
1238 2146 1448 2231 assumptam
1469 2138 1605 2210 unionis
1618 2149 1704 2211 stre-

725 2268 958 2329 uuetuerctur
973 2270 1137 2351 spartam.
1156 2256 1307 2329 Proinde
1320 2250 1471 2331 zelosum
1486 2258 1544 2329 itte
1563 2256 1705 2330 indutus

724 2381 877 2467 Paulum,
899 2381 934 2451 in
960 2380 1146 2476 Voihyniae
1163 2381 1364 2473 Russiaeque
1390 2380 1604 2473 regionibus,
1635 2402 1703 2473 qua

724 2504 852 2575 civium
865 2502 1037 2587 sodalitia,
1062 2522 1130 2595 qua
1150 2500 1316 2572 nobilium
1338 2500 1525 2588 domicilia,
1545 2522 1613 2596 qua
1634 2524 1705 2573 mo

725 2624 1093 2710 nachorumcoenohia,
1109 2623 1224 2695 visens
1240 2633 1275 2693 et
1292 2623 1459 2709 revisens,
1474 2624 1703 2719 patriarcham

724 2748 888 2842 Cyriilum
912 2748 1114 2820 haereticum
1132 2748 1298 2843 propalat,
1319 2736 1396 2820 curn
1411 2772 1536 2843 magna
1552 2751 1704 2821 omnium

724 2872 825 2942 abeo
843 2871 1038 2942 aversione.
1057 2870 1143 2942 Cum
1165 2893 1249 2943 vero
1268 2872 1482 2958 Luceoriam,
1512 2872 1703 2967 principem

723 2993 907 3090 Volhyniae
919 2995 1045 3079 iocum,
1057 2995 1269 3080 accessisset,
1286 2996 1514 3067 clarissimum
1524 2995 1593 3067 illic
1607 3017 1628 3067 e
1640 3019 1706 3069 no-

725 3116 856 3188 bilitate
867 3117 1084 3189 schismatica
1109 3118 1235 3201 uirum,
1255 3139 1404 3212 eumque
1421 3116 1630 3189 senatorium
1645 3137 1703 3186 re-

725 3239 827 3334 perit,
848 3239 1009 3334 idemque
1024 3241 1057 3311 ei
1076 3242 1203 3313 retulit.
1220 3241 1286 3326 Qui
1307 3253 1384 3335 post
1398 3241 1518 3326 multa,
1538 3239 1704 3311 haesitans

725 3360 810 3456 quid
822 3361 995 3455 agendum
1012 3372 1116 3447 esset,
1132 3362 1368 3435 Smotriscium
1382 3362 1541 3434 consulit.
1558 3360 1618 3432 Cui
1632 3359 1702 3441 itte,

726 3504 770 3553 ne
788 3495 932 3578 repente
954 3486 1118 3557 unionem
1140 3484 1314 3570 suaderet,
1336 3506 1373 3556 sc
1394 3484 1535 3555 omnino
1563 3483 1621 3553 tali
1636 3503 1705 3565 non

725 3606 977 3679 velificaturum
996 3608 1135 3701 pastori.
1162 3608 1321 3703 Perplexi
1346 3608 1461 3701 itaque
1477 3607 1602 3678 animis
1616 3628 1706 3678 oom-

725 3731 843 3823 plures
856 3732 1055 3817 haercbant;
1077 3732 1200 3801 incerti
1220 3730 1306 3827 quid
1323 3736 1494 3825 agerent?
1514 3730 1623 3823 ignari
1635 3751 1706 3825 quo

725 3874 763 3923 se
777 3865 952 3926 verterent
961 3860 977 3924 t
986 3852 1269 3925 Litterasdeinde
1282 3853 1328 3925 ad
1338 3852 1501 3948 Cyriiium
1515 3852 1706 3925 decontro-

726 3974 837 4046 versis
851 3974 934 4046 fidei
951 3976 987 4045 in
1010 3976 1132 4049 Russia
1159 3975 1312 4047 articulis
1333 3974 1505 4069 concepit,
1526 3985 1564 4047 ut
1584 3973 1705 4047 obside

728 4096 880 4191 responsi
906 4097 980 4187 ejus
1003 4118 1122 4181 manu,
1146 4098 1251 4169 relata
1278 4096 1410 4169 felicius
1435 4107 1587 4189 urgeret.
1611 4098 1704 4183 Quas

726 4217 781 4288 hic
806 4219 1021 4291 strictissime
1036 4233 1071 4291 et
1083 4223 1180 4316 quasi
1194 4223 1228 4293 in
1247 4221 1362 4294 indice
1375 4244 1503 4316 ponere
1520 4244 1700 4317 perneces-

726 4340 852 4410 sarium
881 4343 1088 4413 censuerim.
