4100 6009
1925 688 1927 725 t

838 960 999 1023 ..15-

425 1170 631 1254 stimulatus,
663 1166 757 1261 quod
773 1177 867 1239 reete
883 1167 1002 1262 coepit,
1020 1168 1169 1261 pessime
1186 1166 1311 1260 abjecit
1324 1166 1407 1242 fidei

425 1305 557 1367 sanctae
573 1313 671 1386 opus.
688 1290 807 1362 Zeium
821 1311 907 1362 vero
924 1290 982 1361 vel
1004 1290 1196 1363 maximum
1227 1291 1409 1365 Ruthenici

425 1416 620 1491 schismatis
629 1415 740 1486 tenuit
748 1412 1085 1487 conservandilnde
1093 1414 1410 1508 Ostrogiaeliberati

427 1539 536 1611 effuso
561 1562 647 1625 aere,
675 1560 744 1611 nou
775 1538 963 1611 slavonicae
988 1536 1160 1609 duntaxat
1186 1540 1329 1633 liuguae,
1348 1539 1410 1612 sed

426 1682 620 1755 graecarum
647 1663 751 1754 juxta
777 1673 881 1756 atque
917 1662 1101 1733 latinarum
1140 1664 1266 1735 artium
1297 1664 1411 1748 erexit

429 1783 642 1876 palaestram
663 1785 776 1878 inqua
790 1783 985 1856 liuthenam
993 1784 1149 1867 multam,
1161 1806 1230 1879 qua
1243 1780 1409 1867 nobilem,

428 1926 497 1997 qua
517 1905 704 2000 piebeiam‚
724 1906 809 1978 aluit
831 1906 1065 1996 juventutem.
1094 1906 1266 1977 Caeterum
1290 1904 1415 1977 videus

428 2029 567 2101 dictum
592 2033 774 2103 Emsmum
791 2005 998 2116 Smotritski,
1022 2030 1320 2125 vioeoapitaueum
1345 2028 1412 2100 Ca*

427 2174 684 2241 medonensem,
696 2154 899 2226 eruditionis
913 2152 1089 2259 Rutltenos
1101 2153 1192 2223 iuter
1207 2152 1300 2224 haud
1315 2173 1412 2247 sper-

427 2277 569 2365 nendae,
588 2275 869 2351 auctoritatesua
894 2285 1028 2347 tantum
1044 2274 1136 2371 apud
1153 2298 1233 2349 eum
1255 2276 1412 2369 perfecit,

428 2410 479 2485 ut,
499 2401 622 2472 relicto
642 2400 784 2495 publico
801 2399 948 2485 honore,
964 2399 1040 2491 ejus
1057 2398 1228 2494 gymnasii
1243 2408 1414 2470 rectorem

428 2521 588 2595 subierit.
601 2523 663 2594 Cui
675 2523 780 2594 etiam
795 2522 920 2615 dignos
933 2519 1053 2592 labore
1067 2542 1191 2593 oeusus
1203 2520 1412 2614 designavit,

428 2645 598 2740 vittasque
618 2647 760 2739 insuper
789 2644 1000 2736 Baklajovka
1031 2654 1067 2715 et
1089 2643 1277 2716 Borisovka
1301 2662 1321 2713 e
1339 2643 1409 2715 du-

428 2778 508 2840 catu
520 2769 731 2862 Ostrogieusi
746 2767 887 2858 adjecit.

477 2894 656 2977 Erasmus,
672 2893 760 2965 duos
788 2893 922 2963 habeus
949 2891 1052 2975 titios,
1085 2914 1164 2965 oum
1195 2912 1255 2966 eos
1273 2916 1337 2989 pso
1352 2916 1415 2965 sua

431 3017 621 3102 tenuitate,
654 3036 778 3089 severa
807 3038 941 3087 morum
971 3015 1154 3109 disciplina
1185 3019 1414 3104 excoluisset,

431 3140 597 3232 magistro
629 3162 650 3210 e
680 3135 836 3226 Graecia,
870 3139 1082 3234 perducem
1112 3140 1244 3213 dictum
1273 3150 1417 3213 evocato

430 3262 571 3356 Cyrilto,
582 3262 1047 3355 adConstantinopoiitauam
1063 3276 1140 3358 post
1148 3275 1270 3336 evecto
1279 3264 1412 3349 sedem,

431 3384 465 3453 iu
494 3384 619 3476 graecis
647 3385 832 3478 latinisque
858 3385 967 3458 litoris
1005 3388 1163 3473 erudito,
1212 3384 1418 3457 imbuendos

432 3506 588 3579 tradidit.
603 3507 675 3580 Sub
688 3530 758 3601 quo
771 3508 957 3595 Maximus,
977 3521 1083 3581 aetate
1100 3511 1181 3580 licet
1195 3510 1322 3594 minor,
1339 3530 1416 3579 eru-

431 3632 566 3705 ditione
583 3633 694 3724 major
709 3634 744 3703 in
764 3642 913 3727 utroque
938 3634 1100 3705 idiomate
1126 3633 1298 3729 apparuit:
1319 3651 1419 3728 prae-

432 3755 580 3850 ripiente
626 3755 791 3827 videlieet
840 3756 991 3850 palmam
1041 3756 1158 3847 majori
1191 3756 1303 3842 tratri,
1351 3778 1418 3827 non

432 3881 559 3952 minori
585 3880 738 3973 ingenio.
771 3877 888 3950 Orbati
905 3888 1064 3973 parente,
1094 3878 1129 3948 iu
1152 3879 1294 3950 tutelam
1319 3877 1421 3952 ducis

432 4001 634 4075 deveniunt.
663 4003 730 4087 Qui
758 4002 909 4097 parentis
938 4024 1057 4073 eorum
1089 4022 1233 4085 memor,
1253 4001 1354 4072 brevi
1374 4001 1419 4072 ab

432 4126 530 4198 exitu
555 4127 644 4219 ejus,
666 4139 770 4199 aetate
801 4127 1012 4220 superiorem
1044 4125 1088 4197 ad
1105 4125 1228 4198 notarii
1258 4126 1311 4198 sui
1338 4148 1418 4222 pro-

433 4250 532 4321 vexit
564 4274 699 4321 munus.
733 4250 908 4321 Iuniorem
936 4272 1015 4321 oum
1038 4250 1184 4342 Georgio
1210 4248 1362 4342 Puzyua,
1396 4268 1417 4316 e

436 4373 601 4464 primaevo
617 4372 804 4445 nobilitatis
820 4372 1065 4465 Volhyuionsis
1078 4374 1162 4445 flore
1172 4370 1318 4463 juvene,
1329 4393 1415 4442 san-
