4100 6009
778 881 961 950 -rnt-

379 1099 588 1189 quamquam
603 1091 706 1177 male,
724 1093 916 1186 pepercisse
929 1113 1015 1164 suae.
1029 1092 1113 1165 Tum
1122 1090 1286 1186 denique,
1297 1095 1359 1196 cd

380 1239 452 1294 reru
470 1216 640 1288 uniuersa
652 1217 756 1309 geute
772 1215 920 1287 ruthena
950 1224 1175 1310 protestatur,
1192 1215 1359 1312 quidquid

379 1340 519 1414 aduersi
532 1347 662 1412 sauctus
679 1337 759 1411 fidei
785 1337 821 1409 iu
837 1337 897 1411 itio
913 1336 1092 1411 hominurn
1107 1342 1276 1416 concursu
1292 1342 1358 1413 Ki-

379 1465 484 1549 orio,
500 1463 536 1534 in
555 1459 971 1558 iiiasynodolatruciueti,
987 1461 1167 1557 inscripto
1191 1455 1356 1548 dedisset,

379 1582 652 1680 subscripsisset,
678 1582 824 1654 dixisset
844 1581 1063 1676 fecissetque,
1078 1585 1194 1683 qrunia
1207 1605 1245 1661 se
1260 1585 1360 1657 iace-

382 1727 473 1792 rare,
489 1706 677 1798 abnegare,
704 1703 855 1797 ejurare,
876 1705 1080 1778 annihilare.
1108 1706 1359 1800 Peccatumque

381 1849 497 1912 suum,
522 1828 594 1898 Deo
616 1847 747 1912 curam,
768 1827 818 1898 uti
842 1828 1010 1900 erulorum
1035 1829 1359 1923 terrarumquelio-
1467 1894 1470 1899 Α

382 1951 488 2037 mino,
507 1963 543 2024 et
555 1958 625 2022 tote
639 1959 758 2023 sancta
770 1949 918 2022 ecclesia
932 1948 1356 2044 confiteriingemisoere,

380 2072 570 2157 lacrimari;
590 2081 694 2166 atque
714 2072 750 2142 iu
763 2069 993 2146 amaritudine
1010 2071 1124 2144 cordis
1150 2073 1203 2144 sui
1219 2073 1310 2146 sacri
1323 2081 1359 2143 et
1453 2112 1456 2116 «

380 2193 507 2286 regalis
537 2192 734 2279 sacerdotii,
770 2183 992 2288 omniumque
1029 2193 1153 2268 Christi
1205 2194 1358 2268 fidelium

380 2313 554 2386 orationes
581 2334 644 2409 pro
660 2335 697 2384 se
730 2313 928 2408 implorare.
958 2313 1118 2409 Insuper,
1134 2324 1238 2411 eaput
1259 2337 1359 2388 suum

380 2435 601 2508 concernenti
617 2436 792 2530 potestati,
805 2446 843 2508 ut
859 2445 954 2509 tauto
966 2437 1119 2509 solvatur
1133 2438 1277 2523 scelere,
1293 2436 1360 2509 de-

382 2559 486 2632 misse
513 2557 753 2646 substernere
782 2569 886 2654 atque
917 2581 980 2655 pro
1006 2543 1235 2633 discernende
1254 2582 1359 2634 causa

381 2701 457 2767 sus,
473 2679 700 2777 sdsyuoduru
718 2680 891 2754 uuiversae
907 2681 1021 2774 gentis
1042 2683 1201 2756 ruthenae
1213 2682 1356 2778 provin-

382 2803 719 2906 cialemprovocare.
750 2833 768 2868 o

429 2927 517 3000 Huic
532 2926 649 2999 libello
662 2927 892 3015 Smetriscius,
910 2928 975 3001 sub
988 2927 1135 3023 praefixo
1145 2927 1359 3001 Protcstutin-

380 3043 433 3117 ois
455 3046 567 3133 titulo,
593 3047 651 3120 illa
674 3047 816 3144 elloquii
839 3050 941 3137 suen,
959 3071 1030 3122 non
1054 3051 1130 3123 sino
1153 3049 1265 3142 digito
1280 3051 1356 3137 Dei,

379 3169 491 3244 affixit
502 3171 616 3246 edictu
630 3201 638 3245 :
651 3172 698 3244 tt
709 3171 838 3270 quises,
853 3170 911 3270 qui
920 3171 1053 3270 judicos
1064 3171 1204 3244 atesim
1216 3178 1359 3244 sonum?

378 3294 516 3367 Domino
545 3320 603 3368 suu
617 3309 693 3382 etot,
722 3311 778 3369 out
797 3295 903 3382 codit,·
925 3295 1021 3367 studit
1050 3309 1175 3382 cutem
1186 3308 1301 3392 potetis
1311 3311 1358 3368 cst

377 3416 463 3487 enim
487 3418 584 3504 Deus,
602 3432 739 3518 statuere
760 3417 868 3490 iilum.
885 3419 929 3491 Et
945 3417 1038 3492 aliud
1059 3448 1066 3490 :
1084 3417 1132 3490 Et
1145 3441 1291 3514 epressus
1303 3417 1359 3515 so-

378 3564 435 3612 rus
445 3541 534 3640 fluet
550 3543 807 3630 octoroouibus
821 3545 966 3616 inuuere
982 3543 1092 3630 uuus,
1109 3565 1162 3630 se,
1182 3553 1359 3636 utmagna

379 3663 436 3735 ilia
452 3674 488 3737 et
500 3664 612 3759 primu
626 3664 807 3738 cecidisset
831 3688 909 3739 curu
930 3667 1102 3752 columna,
1119 3666 1167 3739 ita
1183 3685 1265 3737 saue
1278 3687 1358 3737 cum

378 3785 516 3874 eadem,
537 3797 716 3882 peuoetpm
741 3809 843 3862 suurn
858 3809 977 3860 eruere
1003 3786 1196 3862 deflevisse.
1214 3787 1257 3858 dt
1273 3809 1357 3860 vero

378 3917 538 4002 potenter
553 3909 671 3986 statuit
688 3910 787 3983 illum
800 3909 966 3983 Dominus
985 3937 992 3980 :
1010 3910 1092 4005 quia
1105 3930 1308 3997 conversus,
1322 3921 1358 3982 et

377 4028 502 4102 vivens
516 4042 551 4104 et
570 4031 734 4120 moriens,
755 4033 879 4107 iratres
891 4053 973 4106 suos
987 4032 1023 4102 in
1037 4042 1156 4106 sancta
1173 4029 1242 4104 fide
1256 4029 1358 4104 ruira-

376 4151 810 4249 bilibns'iieiruogualibus
827 4157 1056 4232 confirmavit.
1401 4238 1404 4242 .

429 4260 587 4352 Abeunte
611 4281 809 4355 Smotriscio
831 4281 971 4369 Kiovia,
1001 4281 1211 4356 venerandae
1230 4279 1355 4377 synodi
