4100 6009
1099 936 1285 1001 -1tt-

683 1153 842 1236 quatuor,
868 1162 955 1236 quos
973 1142 1064 1213 inter
1085 1141 1262 1214 mechois
1287 1153 1322 1216 et
1346 1147 1662 1221 controversiarum

685 1262 868 1335 ruthenice
903 1265 1173 1360 conscriptarum
1209 1277 1262 1338 sat
1298 1268 1432 1361 grande
1463 1290 1550 1364 opus
1581 1269 1661 1358 tuit,

684 1383 874 1480 colligatos,
889 1387 1016 1459 rectori
1029 1389 1106 1460 Soc,
1122 1389 1201 1461 lesu
1207 1390 1432 1483 Ostrogiensi,
1443 1413 1665 1485 quemacon·

684 1509 890 1583 sessionibus
907 1509 1039 1598 habuit,
1058 1509 1096 1582 id
1113 1513 1279 1608 temporis
1295 1513 1393 1585 illum
1405 1515 1545 1602 visenti,
1564 1538 1666 1612 prae-

683 1631 844 1718 sentavit,
869 1631 1018 1728 Iosepho
1043 1633 1299 1730 archiepiscopo
1322 1635 1539 1725 reddendos,
1561 1637 1666 1734 idque

685 1775 844 1848 suprema
872 1753 1022 1827 firmavit
1038 1755 1229 1827 voluntate.
1255 1757 1363 1829 (listas
1381 1757 1516 1831 duabus
1544 1759 1667 1852 longas

683 1877 802 1971 orgiis,
819 1877 986 1974 librisque
1010 1881 1169 1965 refertas,
1190 1879 1312 1953 sedulo
1329 1880 1457 1953 revidit
1469 1892 1505 1953 et
1518 1882 1578 1975 qui
1595 1880 1666 1952 hae-

684 2001 789 2072 resim
821 2011 880 2073 aut
912 2001 1060 2074 schisma
1086 2003 1297 2090 redolerent,
1324 2025 1445 2076 vernae
1475 2003 1665 2075 fornacium

683 2124 834 2212 custodi,
852 2125 973 2197 decem
987 2124 1127 2197 llorenis
1142 2125 1309 2220 polonicis
1322 2147 1384 2197 seu
1400 2126 1592 2200 testonibus
1604 2148 1667 2200 as-

685 2251 841 2342 signatis,
857 2249 1001 2321 tradidit
1014 2247 1223 2336 adolendos;
1239 2248 1301 2344 qui
1324 2247 1474 2320 fideliter
1490 2249 1666 2321 mandatis

685 2371 1023 2468 parens,triduoillis
1035 2372 1209 2445 fornacem
1218 2371 1368 2444 cubiculi
1376 2372 1481 2466 ipsius
1493 2372 1662 2444 calefecit.

687 2493 990 2588 Ardebatquetum
1000 2494 1128 2568 divinis
1141 2495 1359 2568 Smotriscius
1371 2493 1466 2582 fidei,
1481 2496 1568 2589 spei,
1584 2494 1665 2567 cha-

688 2616 865 2710 ritatisque
878 2617 914 2686 in
932 2617 1042 2689 Deum
1060 2619 1287 2712 frequentatis
1303 2617 1495 2702 affectibus
1513 2639 1593 2688 cum
1604 2638 1667 2688 ar-

687 2738 774 2810 dere
791 2736 919 2809 chartis
942 2737 1127 2831 impressas
1144 2750 1302 2810 cerneret
1320 2737 1562 2834 blasphemias.
1583 2737 1667 2808 Esto

688 2862 816 2956 saepius
833 2862 966 2956 integra
987 2875 1021 2934 et
1034 2863 1118 2934 laesa
1137 2862 1335 2935 valetudine
1360 2862 1430 2934 suis
1452 2861 1622 2954 religiosis
1633 2860 1668 2931 in

688 3005 786 3057 sacro
803 2984 968 3055 tribunali
990 2985 1235 3057 conscientiam
1264 2986 1464 3071 revelasset,
1497 3003 1566 3054 non
1590 3003 1669 3053 raro

689 3110 793 3180 etiam
810 3129 925 3180 coram
938 3097 1122 3195 Kortiscio,
1134 3109 1211 3180 Soc.
1221 3110 1300 3181 lesu
1310 3107 1526 3203 presbytero,
1538 3117 1576 3180 ut
1588 3119 1669 3178 ante

688 3256 826 3330 quoqne
845 3233 991 3320 dictum,
1016 3255 1149 3306 sacram
1165 3232 1285 3326 exegit
1306 3231 1573 3305 contessionem.
1590 3232 1671 3304 1„ae-

689 3356 896 3450 tahaturque
909 3356 1174 3452 impenseillios,
1190 3365 1354 3448 tanquam
1371 3355 1468 3426 latini
1480 3352 1671 3426 sacerdotis

689 3491 792 3575 caput
807 3477 1035 3551 substravisse
1052 3477 1258 3550 absolutioni
1271 3505 1279 3564 ;
1297 3499 1366 3569 quo
1379 3486 1480 3548 vetus
1494 3498 1595 3547 suum
1608 3497 1671 3546 ar-

689 3610 810 3696 gueret
824 3599 983 3688 schisma,
1009 3600 1284 3674 ardentissimam
1299 3601 1335 3670 in
1352 3600 1521 3672 catholica
1533 3597 1603 3671 fide
1619 3609 1671 3668 te·

689 3734 838 3798 staretur
850 3723 1029 3809 unionem;
1041 3733 1077 3794 et
1092 3745 1195 3818 quam
1210 3735 1292 3795 ante
1305 3721 1452 3818 pedibus
1469 3723 1672 3794 conculcare

690 3847 842 3934 arderet,
859 3867 935 3919 eam
953 3868 1044 3918 nunc
1059 3847 1173 3942 capite
1189 3868 1252 3918 suo
1267 3846 1492 3918 circumferre
1512 3844 1666 3936 gestiret.

690 3969 822 4040 Octavo
842 3989 980 4062 quoque
993 3968 1068 4059 ejus
1089 3967 1307 4060 aegritudinis
1322 3965 1395 4052 die,
1422 3966 1544 4037 intima
1556 3964 1671 4036 cordis

689 4090 871 4176 suavitate,
892 4090 1060 4162 indicibili
1073 4091 1198 4162 montis
1212 4089 1456 4175 teneritudine,
1476 4086 1556 4158 cibo
1572 4087 1672 4157 frue-

690 4212 791 4284 batur
808 4212 1062 4284 Eucbaristioo:
1081 4213 1180 4307 qnasi
1188 4213 1259 4305 jam
1274 4213 1386 4283 lutura
1401 4210 1562 4305 perennis
1577 4231 1670 4301 gau-

690 4334 750 4406 dia
763 4335 847 4408 vitm
858 4337 1132 4430 persentisceret.
