4100 6009
779 855 940 919 ..23-

367 1063 933 1159 suaeortlmdoxiaelongelateque
947 1064 1193 1160 propagandas.
1214 1068 1348 1143 Kioviae

370 1214 452 1263 cum
470 1188 591 1262 caeteri
606 1188 745 1260 virtutis
767 1189 942 1260 unitorum
965 1191 1174 1264 exercendas
1197 1203 1347 1286 antago-

373 1313 484 1385 nistae.
500 1311 560 1385 ‘ad
598 1312 684 1383 alios
715 1311 955 1407 episcopatus,
992 1324 1067 1385 tum
1109 1314 1265 1391 Meletius
1304 1316 1349 1391 ad

374 1444 564 1506 memorata
595 1433 715 1505 munia
746 1454 768 1504 a
796 1433 1023 1530 Tbeopbane,
1055 1434 1142 1505 nullo
1170 1453 1351 1534 cooperante
1463 1522 1466 1529 ⁴

372 1554 524 1653 episcopo,
547 1558 755 1650 inaugurati.
1138 1554 1140 1559 ’

423 1678 466 1748 Et
488 1678 628 1771 quidem
644 1679 874 1765 Smotriscius,
891 1680 989 1773 quasi
1003 1682 1059 1751 leo
1075 1683 1215 1775 rugiens
1229 1684 1352 1755 minas-

373 1820 442 1891 que
455 1822 496 1872 ac
512 1801 644 1873 caedem
656 1802 776 1874 unioni
792 1801 938 1896 spirans,
962 1802 999 1872 in
1016 1802 1207 1876 Lithuaniae
1220 1805 1352 1877 etlius-

375 1922 695 1996 siaerevertebatur
711 1945 803 2010 oras,
820 1944 930 2017 eoque
948 1924 1146 2013 animosior,
1163 1947 1233 2019 quo
1247 1925 1353 1998 hono·

373 2046 470 2134 ribus
490 2047 623 2119 celsior.
642 2048 745 2119 Pauci
761 2056 863 2118 antea
885 2046 919 2117 in
937 2046 1121 2119 schismate
1138 2050 1355 2137 sacerdotes,-

375 2168 458 2261 quia
473 2178 508 2239 et
526 2192 615 2241 unus
630 2170 813 2265 episcopus
829 2168 1071 2263 Leopolitanus
1091 2166 1348 2265 reperiebatur3

375 2290 888 2386 etipseabexternisepiscopis
899 2290 1064 2362 initiatus.
1075 2290 1172 2363 Unde
1186 2294 1242 2365 vel
1258 2272 1353 2389 apud

375 2434 454 2499 eum
470 2423 522 2483 sat
529 2412 670 2507 quidem
680 2423 862 2500 remotum,
873 2413 930 2484 vel
944 2414 1044 2485 extra
1057 2414 1283 2506 regnimetaS,
1301 2424 1354 2486 tu·

375 2545 447 2609 turn
456 2538 603 2610 Rutheni
612 2537 901 2611 consectabantur
909 2536 1248 2610 sacerdotium.Tum
1257 2560 1354 2624 vero,

374 2659 470 2731 velut
482 2681 624 2754 exequo
635 2661 793 2751 Trojano,
810 2659 1228 2733 fundebanturschismati
1243 2663 1356 2735 suble

374 2783 707 2880 randoprcsbyteri,
723 2783 956 2878 sedimpense
967 2784 1084 2856 rudes.
1103 2785 1355 2858 ldcirconecad

375 2907 633 2996 emolliendum,
649 2930 712 2980 nec
727 2908 772 2980 ad
786 2907 1015 2979 erudiendum
1029 2908 1191 3002 appositi:
1216 2908 1261 2980 ad
1276 2931 1354 3003 per-

374 3029 564 3101 vertendos
590 3053 675 3102 vero
694 3029 869 3124 simplices
883 3031 998 3123 longe,
1016 3051 1121 3123 quam
1142 3029 1212 3101 dici
1229 3041 1353 3125 potest,

375 3152 503 3226 idonei.
523 3154 637 3249 Atque
658 3164 695 3225 ut
723 3154 780 3225 alii
797 3154 872 3225 aliis
889 3153 994 3225 unitis
1010 3153 1179 3248 episcopis
1208 3154 1357 3226 horren-

375 3260 507 3348 dum'in
517 3277 656 3349 modum
671 3279 832 3349 universa
847 3276 1123 3371 permiscuerunt
1136 3303 1144 3363 ;
1156 3276 1205 3348 sic
1217 3278 1358 3348 Smotri·

375 3400 466 3472 scius
491 3401 754 3494 metropolitano
783 3421 846 3495 pro
876 3412 958 3470 tuuc
984 3398 1133 3492 losepho
1159 3398 1357 3485 Rutscio,a

376 3522 600 3594 sanctimonia
612 3523 695 3595 vitae
708 3534 743 3593 et
757 3522 830 3594 zelo
849 3519 933 3592 fidei
950 3514 1298 3605 commendatissimo,
1316 3540 1357 3592 ac

375 3643 549 3736 Pinscensi
566 3646 728 3740 episcopo
746 3644 910 3737 Gregorio
940 3638 1193 3729 Michalovicio,
1220 3642 1358 3715 unioni-

376 3783 444 3858 que
478 3766 514 3836 in
561 3789 682 3841 eorum
707 3768 903 3840 dioeoeseon
946 3766 1137 3838 latifundiis
1171 3766 1357 3861 plurimum

377 3887 657 3963 incommodavit.
670 3891 756 3963 Divo
773 3900 888 3962 tamen
904 3889 1068 3984 iosaphat
1085 3892 1120 3960 in
1131 3891 1359 3985 archiepisco·

375 4026 457 4110 patu
473 4017 548 4108 ejus
571 4017 757 4104 Polocensi,
787 4038 850 4111 per
871 4016 1026 4089 Russiam
1052 4016 1165 4087 albam
1192 4016 1292 4088 facile
1309 4016 1356 4089 nd

377 4150 515 4212 centum
530 4140 659 4226 leucas,
679 4152 750 4213 tam
766 4139 802 4209 in
814 4140 970 4231 longum,
989 4159 1094 4231 quam
1114 4138 1148 4208 in
1164 4138 1271 4209 iatum
1288 4137 1359 4208 dii·

381 4262 467 4351 iuso,
487 4262 591 4358 piane
607 4284 628 4334 e
644 4262 815 4355 diametro
831 4283 907 4335 sese
924 4260 1096 4356 opposuit.
1129 4260 1205 4356 lpse
1217 4258 1358 4352 quidem
