4100 6009
1118 918 1279 981 ..gs-

708 1113 828 1185 mortis
857 1113 965 1185 latino
992 1135 1107 1185 coram
1127 1112 1307 1185 'monacho
1344 1114 1480 1187 iactam.
1514 1118 1683 1211 Denique,

706 1239 821 1309 lumen
836 1237 920 1309 illud
935 1236 1204 1332 magutsabbati
1225 1236 1484 1331 Hierosolymis,
1505 1240 1550 1311 ad
1565 1242 1687 1336 sepul-

705 1381 802 1431 erum
818 1360 1018 1432 Salvatoris.
1038 1361 1129 1445 Quas
1151 1360 1261 1431 tineas
1280 1360 1392 1455 prima
1407 1361 1519 1433 fronte
1532 1361 1687 1434 modicas

705 1480 832 1569 videri,
852 1482 914 1555 sed
926 1478 1341 1577 pensiculateinspicienti
1358 1482 1569 1556 immodicas.
1586 1486 1687 1577 lnge-

706 1623 785 1681 rere
800 1603 892 1674 enim
904 1602 977 1676 -sibi
994 1625 1093 1675 suam
1119 1604 1377 1690 conscientiam,
1393 1604 1462 1676 imo
1475 1606 1548 1678 sole
1563 1604 1687 1676 elarius

705 1722 957 1811 demonstrare,
986 1734 1168 1819 utramque
1184 1726 1459 1799 combustionem
1481 1738 1516 1797 et
1532 1745 1635 1797 musa
1651 1733 1686 1794 et

706 1848 776 1921 fine
788 1858 962 1943 peractam
970 1849 1105 1922 eodem.
1118 1848 1217 1934 Quod
1227 1850 1389 1921 attineret
1403 1859 1625 1944 postremam,
1638 1870 1684 1919 en

704 1995 773 2067 qua
782 1972 1030 2068 secutaprima,
1041 1972 1398 2067 seConstantinopoli,
1412 1969 1685 2055 auscultantibus

704 2117 809 2188 quam
823 2096 981 2192 plurimis
992 2095 1276 2189 metropolitanis,
1293 2118 1339 2168 ex
1353 2118 1414 2168 ore
1432 2096 1500 2167 viri
1512 2096 1691 2191 probitate

703 2222 905 2317 conspicui,
940 2221 1142 2307 Theodosii,
1163 2220 1412 2316 archiepiscopi
1429 2222 1680 2316 Sozopolitani,

704 2344 795 2417 illius
810 2344 951 2427 Μνραιων
976 2343 1147 2438 discipuli,
1177 2344 1361 2439 accepisse.
1390 2345 1533 2439 lnsuper
1563 2344 1684 2416 Hiero

702 2464 857 2560 solymis,
873 2486 922 2535 ex
933 2487 994 2537 ore
1010 2465 1240 2560 Theophanis,
1259 2464 1322 2537 loci
1336 2466 1554 2561 patriarchae,
1572 2464 1627 2537 oui
1644 2466 1681 2539 in

701 2586 887 2673 Moldavia,
912 2597 1092 2682 postquam
1119 2608 1161 2659 eo
1182 2609 1228 2659 ex
1249 2588 1369 2660 Bossia
1392 2587 1605 2675 deflexisset,
1625 2590 1682 2661 ille

702 2710 776 2803 ipse
800 2710 1087 2803 metropolitanus
1102 2710 1275 2804 Myrensis
1292 2711 1487 2797 Matthaeus,
1506 2732 1567 2783 ore
1582 2710 1627 2783 ad
1643 2734 1682 2784 os

701 2850 839 2901 causam
853 2833 1186 2904 combustorumase
1199 2832 1403 2927 scriptorum
1417 2833 1677 2928 explanaverat.

719 3008 724 3013 .
750 2952 920 3025 Nimirum
953 2977 1032 3026 cnm
1070 2955 1111 3042 is,
1145 2954 1275 3027 ratione
1303 2956 1455 3051 quinque
1481 2955 1681 3048 dogmatum

702 3076 841 3147 Graecos
858 3076 947 3147 inter
970 3088 1005 3148 et
1025 3078 1165 3149 Latinos
1181 3088 1495 3165 controversorum,
1514 3078 1680 3152 effrenata

702 3218 811 3291 usque
838 3207 874 3269 et
899 3221 1007 3292 usqne
1029 3199 1209 3271 ecclesiam
1239 3200 1427 3271 Romanam
1453 3200 1679 3273 insectaretur

701 3317 854 3408 licentia,
878 3342 961 3393 ecoe
984 3321 1049 3392 tihi
1072 3321 1310 3415 pomeridiano
1329 3322 1501 3415 vigilanti,
1526 3342 1573 3392 an
1594 3320 1678 3393 dor-

699 3443 820 3515 mienti
837 3444 1031 3538 ignorabat,
1051 3442 1169 3515 divum
1186 3443 1325 3517 Petrum
1345 3454 1614 3538 comparentem,
1637 3464 1678 3515 ac

700 3564 795 3636 hisce
813 3587 894 3638 enm
915 3566 1139 3660 compellasse
1166 3592 1175 3634 :
1205 3561 1361 3648 Matthiae,
1377 3563 1491 3660 frater,
1505 3560 1583 3660 quid
1596 3562 1679 3635 mole

698 3686 736 3759 dc
749 3700 777 3759 tc
788 3685 873 3760 sodes
886 3684 1149 3771 meritamente,
1164 3683 1295 3784 quodie
1306 3712 1375 3758 eom
1391 3699 1457 3758 tom
1472 3684 1677 3782 ipaomr'm'osc

697 3808 884 3881 {sauma
895 3807 1021 3882 desinas
1039 3834 1144 3881 moneo
1162 3824 1202 3882 tc.
1222 3809 1337 3904 Atque
1353 3810 1412 3881 illo
1433 3818 1672 3896 evanescente,

698 3931 763 4003 isto
776 3933 1072 4025 perhorrescente,
1088 3932 1218 4028 etquid
1232 3932 1531 4027 agerethaerente,
1550 3932 1675 4005 iterum

696 4075 741 4125 ac.
751 4055 888 4127 tertium
900 4055 1023 4130 Christi
1040 4055 1220 4142 vicarium,
1235 4054 1358 4128 eadem
1371 4077 1433 4150 per
1445 4052 1568 4125 eadem
1584 4053 1675 4125 inso-

697 4188 834 4250 nantem
855 4200 896 4251 ac
920 4180 1147 4269 intonantem,
1168 4178 1380 4277 apparuisse,
1404 4180 1640 4275 adjecissequc
1664 4209 1670 4251 :

696 4296 762 4371 nisi
785 4326 807 4373 a
834 4302 942 4398 coeptr's
969 4300 1112 4389 desieris,
1140 4304 1183 4379 od
1205 4302 1398 4377 tremendum
1418 4316 1448 4376 ct
1469 4298 1552 4374 ittet
1572 4298 1674 4384 ἀπρο-
