4100 6009
779 944 945 1007 -·11..

368 1155 510 1227 direxit.
545 1153 642 1225 Velie
673 1152 826 1247 supremi
855 1154 1024 1247 pastoris,
1064 1154 1236 1249 dictunque
1266 1160 1353 1230 sacri

370 1280 480 1351 Officii
494 1276 775 1371 Congrcgationis
800 1297 952 1364 sensum,
973 1279 1007 1348 in
1031 1280 1192 1353 omnibus
1206 1302 1268 1374 pro
1293 1282 1355 1354 Dei

370 1401 549 1471 voluntate
565 1398 759 1470 habiturus.
777 1398 893 1469 Donec
905 1409 1019 1469 autem
1037 1400 1144 1495 petita
1158 1421 1221 1471 sue
1236 1398 1356 1473 firma-

373 1534 508 1610 rentur,
528 1523 585 1594 vei
600 1503 873 1609 infirmarentur,
892 1522 1061 1617 Iosephus
1073 1525 1243 1613 Rutsoius‚
1263 1528 1357 1599 unio-

372 1670 454 1719 nem
487 1647 649 1719 simuiato
674 1644 870 1718 schismatis
913 1647 1038 1739 pallio,'
1070 1671 1133 1743 pro
1163 1650 1355 1725 animarum

372 1771 465 1843 bono
481 1769 571 1856 utili,
601 1769 779 1842 involvere
809 1769 875 1864 ipsi
903 1772 1085 1843 concessit.
1119 1774 1190 1845 Neo
1219 1774 1355 1847 titulum

371 1893 620 1987 archiepiscopi
632 1892 838 1977 Poiocensis,
850 1892 1075 1967 indisunione
1087 1897 1212 1982 collati,
1229 1898 1357 1972 adime

371 2037 451 2089 rere
463 2015 584 2089 voluit.
607 2013 781 2100 Quinimo,
803 2023 840 2085 ut
857 2016 1094 2090 Dermanenso
1109 2018 1158 2089 itti
1174 2030 1353 2094 monaste-

371 2138 462 2209 rium
477 2157 539 2232 pro
554 2136 679 2227 maj0ri
691 2157 712 2207 a
725 2135 956 2209 schismaticis
972 2140 1159 2211 securitate
1179 2142 1354 2213 conferre-

371 2274 429 2334 tur
444 2261 703 2357 possidendum,
724 2259 806 2332 duci
823 2270 943 2333 auctor
969 2262 1053 2347 iuit;
1086 2276 1122 2335 et
1143 2266 1350 2338 factumest.

371 2385 457 2456 Cum
483 2404 568 2456 vero
595 2383 638 2455 sit
660 2382 780 2468 moris,
810 2393 1088 2456 consecratorem
1118 2395 1152 2457 et
1181 2397 1354 2481 pastorem

371 2505 527 2578 suumin
543 2506 661 2578 multis
682 2505 838 2578 ecciesiae
863 2505 1040 2578 orientalis
1065 2506 1200 2579 actibus
1219 2530 1354 2581 memo-

373 2631 454 2715 rari,
466 2630 673 2727 patriarchae
689 2650 826 2723 quoque
836 2630 1138 2725 Hierosolymitani
1151 2633 1353 2705 memoriam

371 2775 476 2848 agere
503 2753 684 2847 permisit:
706 2762 891 2825 nonutea
919 2752 1053 2824 ratione
1083 2776 1145 2847 pro
1175 2756 1355 2851 superiore

372 2877 470 2948 iilum
493 2886 709 2969 agnosceret,
734 2874 797 2947 sed
818 2886 854 2946 ut
873 2874 1022 2967 gratiam
1045 2875 1293 2970 resipiscentiae
1310 2878 1355 2951 ad

373 2999 479 3071 fidem
492 3008 646 3071 sanctam
661 3018 681 3068 a
697 2998 768 3069 Deo
785 2996 862 3090 ipsi,
880 3006 917 3067 ut
933 2998 1164 3071 consecratori
1178 3019 1254 3085 suo,
1273 3021 1356 3094 pos·

372 3123 510 3195 tularet.

421 3243 535 3339 Atque
565 3245 612 3315 ita
639 3243 780 3315 demum
797 3243 1032 3315 Smotriscium
1054 3266 1100 3315 ex
1132 3246 1214 3340 lupo
1240 3250 1355 3343 rapaci

373 3381 589 3442 mansuetum
606 3390 749 3460 agnum,
775 3388 821 3437 ex
838 3365 972 3460 perfido
988 3368 1092 3440 Saulo
1107 3369 1249 3441 Paolum
1268 3371 1354 3443 fide-

372 3494 455 3579 lem,
473 3514 520 3564 ex
537 3492 730 3563 truculento
754 3490 915 3562 ecclesiae
937 3491 1178 3584 impugnatore
1203 3490 1354 3564 zelosnm

373 3625 664 3715 propugnatorem
682 3614 823 3698 tactum,
850 3613 930 3684 unio
952 3614 1113 3685 laetanter
1127 3614 1230 3701 vidit,
1247 3614 1354 3688 Sedes

372 3740 561 3835 apostolica
577 3738 717 3811 abunde
734 3736 909 3831 probavit.
945 3736 1115 3808 Attcxdre
1137 3736 1200 3809 nic
1226 3738 1354 3833 placuit

373 3866 557 3937 nonnullas
584 3861 659 3953 ejus
682 3862 898 3955 aliorumque
926 3861 971 3933 ad
995 3861 1104 3933 sancti
1120 3860 1210 3933 Petri
1228 3862 1352 3934 Sedem

373 3984 472 4057 datas
488 3983 671 4080 epistoias;
703 3985 793 4057 sicut
822 3984 928 4056 ctiam
943 4006 1007 4056 sno
1024 3985 1113 4067 loco,
1145 3981 1190 4053 ab
1217 3982 1291 4077 ipsa
1308 3983 1353 4054 ad

372 4106 449 4179 ilios
459 4106 604 4185 directe
612 4117 866 4202 proponentur:
884 4116 1003 4178 utnon
1020 4105 1135 4177 minus
1151 4104 1354 4197 magnitudo

374 4228 439 4300 viri
460 4228 632 4309 conversi.
650 4249 754 4324 quam
771 4227 891 4300 laetitia
913 4238 1048 4302 saoctae
1062 4227 1220 4299 ecclesie
1237 4226 1281 4299 de
1295 4226 1354 4299 itio

374 4364 553 4448 concepta,
573 4353 721 4447 perspici
738 4354 862 4424 ualeat.
