4100 6009
783 885 964 950 -ttl-

382 1120 473 1184 cere,
496 1095 557 1192 qui
573 1093 735 1191 postlata
751 1091 979 1188 resipisceret.
998 1093 1075 1177 Qua
1089 1096 1277 1169 mutatione
1293 1120 1360 1168 nc-

382 1241 450 1316 qne
465 1216 646 1291 ecclesiam
666 1236 716 1300 se,
741 1233 856 1306 neque
870 1211 976 1285 iidem
992 1214 1189 1288 deseruisse
1206 1219 1358 1291 orienta-

381 1342 463 1427 lem;
479 1338 542 1412 sed
557 1338 594 1410 in
606 1337 666 1410 tali
683 1356 899 1430 permanere,
913 1339 952 1407 ct
965 1336 1010 1409 ad
1022 1338 1233 1433 sepulcrales
1251 1361 1359 1435 usqne

382 1479 644 1558 permansurum
671 1459 808 1544 fascias,
831 1457 866 1529 in
888 1460 983 1554 quali
1010 1461 1160 1552 majores
1182 1462 1217 1532 in
1240 1464 1359 1537 Bossia

381 1586 435 1658 sni
449 1584 557 1678 geniti
572 1583 726 1655 luissent.
746 1579 936 1655 Eos-solum
951 1583 1158 1671 desomi'sse,
1173 1586 1233 1677 qui
1250 1585 1359 1680 ipsam

381 1705 486 1780 fidem
507 1704 757 1798 ecclesiamque
778 1703 1021 1777 deseruissent.
1042 1704 1156 1801 Atque
1174 1706 1360 1780 idcn‘nnllo

381 1827 532 1903 suffundi
548 1825 688 1913 rubore,
708 1849 787 1902 cum
804 1849 824 1900 a
843 1829 936 1900 malo
944 1827 995 1900 ad
1015 1829 1160 1915 bonum,
1175 1830 1221 1901 ab
1232 1829 1359 1903 haeresi

381 1948 541 2025 adfidom
549 1950 905 2035 catholicameffoetis
918 1951 997 2023 licet
1008 1946 1155 2038 viribus,
1168 1952 1353 2024 transierit.

381 2074 689 2148 Neo'llermanium
706 2075 752 2146 de
768 2095 810 2146 ea
822 2096 860 2147 se
880 2073 1059 2162 erudiisse,
1079 2076 1143 2149 sed
1162 2097 1243 2148 eum
1259 2077 1360 2168 cujus

381 2211 472 2273 osset
487 2198 630 2272 donum.
651 2199 827 2270 Incassum
845 2198 949 2270 ctiam
966 2197 1083 2270 mirari
1099 2221 1172 2287 eos,
1191 2199 1361 2273 scindis

381 2321 508 2392 unione
535 2318 619 2414 qnid
643 2318 825 2406 crederet,
850 2319 1051 2392 nescivisse.
1080 2319 1198 2393 Caecns
1231 2319 1359 2417 quippe

380 2453 536 2516 secutum
544 2443 757 2515 ductores:et
765 2443 857 2538 ipsos
865 2463 934 2537 quo
942 2441 1124 2515 tenderent
1132 2443 1355 2535 ignoravisse,

381 2577 416 2638 ct
427 2589 464 2639 se
480 2587 550 2661 qno
565 2585 626 2637 sos
641 2575 857 2660 sequeretur.
881 2566 960 2638 Illos
977 2565 1020 2638 ad
1038 2564 1187 2661 lapidem
1202 2565 1361 2638 offensio-

381 2691 435 2762 nis
459 2689 656 2786 impegissc,
674 2699 710 2761 et
725 2689 836 2784 ipsum
851 2699 926 2784 post
949 2709 1009 2760 ens
1036 2716 1044 2758 ε
1072 2689 1150 2760 illos
1167 2690 1202 2762 iu
1224 2691 1357 2763 foveam

381 2810 552 2884 heresum
567 2810 750 2898 incidisse,
768 2821 813 2882 et
838 2811 949 2907 ipsum
973 2820 1052 2905 post
1068 2832 1140 2883 eos.
1169 2811 1205 2881 Si
1228 2820 1355 2898 nosset,

380 2936 463 3031 qnid
475 2933 647 3023 crederet,
658 2945 868 3030 sequeretur
880 2956 934 3008 ne
949 2943 1019 3006 tam
1035 2935 1140 3027 longe
1159 2934 1359 3008 Zizauiumt

381 3053 592 3130 auscultaret
616 3079 660 3130 nc
686 3058 819 3132 tamdiu
838 3059 1026 3130 Philaletcl
1042 3058 1201 3130 crederet
1222 3079 1267 3130 ne
1286 3071 1357 3132 tam

380 3180 527 3255 firmiter
541 3182 695 3257 Clerico?
718 3183 887 3256 scriberet
904 3205 948 3254 ne
969 3193 1040 3256 tam
1057 3183 1167 3257 loedas
1190 3183 1225 3255 in
1248 3183 1358 3256 mum

379 3302 634 3402 blasphemius?
651 3307 792 3379 minime
805 3306 969 3401 gentium.
990 3305 1137 3379 Ad‘haec
1151 3308 1250 3402 proin
1264 3307 1357 3378 mala

380 3428 558 3501 inductum
573 3428 654 3502 fidei
671 3431 874 3525 ignorantia.
1001 3517 1003 3521 ,

435 3579 451 3619 1
469 3551 631 3638 Quinimo
644 3575 756 3649 neque
768 3553 924 3649 ipsumin
935 3563 1039 3648 gente
1052 3553 1200 3626 ruthena
1208 3551 1357 3645 primum

380 3675 608 3771 princepsque
622 3675 836 3761 sodalitium,
855 3675 939 3771 qnid
956 3672 1228 3769 crederet‚quid
1240 3668 1358 3766 impriss

379 3804 501 3882 meret,
519 3796 691 3889 vulgaret,
717 3797 870 3870 scivisse.
884 3796 927 3868 ‘Si
948 3797 1041 3867 enim
1064 3795 1176 3892 probe
1200 3801 1359 3888 patentes

377 3917 445 3990 sibi
456 3939 606 4006 errores,
623 3918 866 4016 blasphemias,
881 3919 1036 3992 hereses
1048 3916 1221 4003 crederet,
1238 3915 1361 4012 impri-

380 4051 491 4113 meret
508 4041 749 4138 vulgaresque,
770 4043 807 4113 in
823 4041 988 4136 Spiritum
1009 4049 1165 4114 sanctum
1181 4039 1360 4112 irremisse

379 4172 558 4258 peccaret:
581 4164 689 4258 igitur
701 4164 786 4259 qnid
799 4162 970 4249 crederet,
994 4161 1207 4257 imprimeret
1222 4168 1258 4232 et
1274 4149 1358 4233 vul-

380 4293 489 4377 garet,
513 4286 712 4360 nescivisse.
741 4284 904 4374 Proinde,
935 4296 973 4357 nt
991 4283 1104 4378 ipsum
1125 4303 1263 4378 qnoque
1282 4301 1359 4354 sese
