4100 6009
1083 849 1246 912 ..6η-

674 1059 795 1131 animo·
820 1057 1065 1129 stiom'meam
1090 1056 1186 1149 regia
1204 1056 1378 1147 majestas¹
1404 1050 1451 1129 uti
1469 1062 1668 1150 senatoris·

674 1182 885 1253 oumVestra
896 1178 1195 1251 Reuerendissima
1206 1178 1445 1253 Dominatione
1457 1184 1655 1257 continuam

673 1311 875 1397 accepturus
910 1311 1003 1374 esset
1037 1301 1356 1373 cousuetudinem?
1390 1304 1666 1399 Respondissem.

673 1448 758 1500 sane
774 1451 782 1495 :
798 1455 817 1493 c
831 1427 975 1521 agnovit
986 1427 1184 1512 ecclesiam,
1204 1425 1381 1522 resipuita
1397 1426 1498 1500 malo.
1519 1456 1535 1497 s
1555 1429 1656 1503 Certo

673 1548 802 1636 certius
817 1549 1039 1621 conuenisset
1066 1569 1135 1633 me,
1156 1546 1652 1644 undehaecmihipatuissen13
1722 1600 1725 1609 -

673 1685 769 1746 oerto
798 1673 928 1745 certius
956 1672 1002 1745 ad
1039 1673 1305 1745 illustrissimum
1338 1673 1652 1768 metropolitanum,

672 1796 851 1868 dominum
878 1807 917 1867 et
941 1795 1091 1867 amicum
1117 1816 1246 1881 mcum,
1278 1794 1464 1869 remisisset
1491 1818 1557 1869 me.
1589 1798 1655 1882 Qui

672 1917 780 1993 dubio
793 1919 911 2014 procul
925 1918 1153 2011 regessisset:
1174 1919 1301 1991 «toties
1327 1940 1382 1989 me
1395 1942 1473 1991 cum
1487 1920 1656 1991 Reveren-

672 2041 813 2114 dissima
830 2042 1069 2113 Dominutione
1092 2040 1192 2113 annis
1220 2042 1406 2113 contulisse
1438 2043 1652 2136 retrolapsis;

672 2166 736 2237 sed
751 2165 837 2259 quid
864 2165 1082 2261 postmodum
1105 2164 1217 2257 egerit
1232 2164 1365 2250 videre,
1384 2164 1468 2259 quid
1481 2165 1655 2259 scripserit

673 2288 808 2381 tegere;
826 2298 862 2360 et
874 2290 969 2383 quod
985 2311 1028 2361 ea
1042 2289 1171 2376 omniu,
1186 2310 1267 2382 quae
1281 2288 1316 2358 in
1332 2310 1405 2359 rem
1418 2298 1569 2359 nostram
1584 2289 1656 2359 visa

673 2422 726 2483 est
736 2414 861 2496 iacere,
874 2413 1079 2508 expiscandi
1092 2412 1203 2486 nostri
1216 2414 1326 2505 gratia
1340 2412 1472 2484 iecerit.
1491 2442 1509 2477 n
1523 2413 1656 2507 Scripta

673 2557 759 2607 vero
774 2535 1022 2610 Dominationis
1039 2536 1173 2608 Vestrae
1195 2534 1436 2630 praemunitus,
1454 2536 1653 2631 prolatum,

672 2667 825 2731 actutum
842 2660 929 2730 iram
945 2656 1123 2729 saevientis
1139 2658 1260 2744 leonis,
1280 2657 1410 2732 domiui
1425 2658 1494 2729 mei
1505 2660 1655 2731 clemen·

677 2780 813 2868 tissimi,
834 2782 1029 2877 placaturus
1042 2802 1166 2853 essem.

721 2903 869 2976 Ulterius
886 2916 1003 2975 tamen
1015 2912 1167 2999 opponet
1181 2902 1319 2975 mihiV.
1334 2902 1590 2974 DominatioR.:
1605 2926 1655 2970 er·

669 3050 749 3119 pone
764 3026 896 3097 moult
908 3050 973 3098 csse
986 3025 1138 3097 unitam?
1156 3028 1231 3098 Non
1246 3027 1353 3097 atium
1364 3020 1473 3110 certe,
1490 3024 1555 3096 uisi
1569 3026 1653 3095 uni-

675 3160 759 3219 tum.
771 3148 873 3233 Quod
887 3150 999 3245 ipsum
1014 3150 1207 3221 Domiuatio
1220 3170 1359 3243 quoque
1379 3150 1499 3221 Vestra
1518 3168 1572 3219 me
1589 3170 1654 3219 co·
1736 3162 1740 3169 '

676 3282 810 3357 ram,et
823 3272 861 3344 R.
874 3273 910 3344 P.
922 3272 1097 3359 Cassiano,
1115 3282 1150 3345 et
1164 3275 1202 3343 D.
1222 3271 1395 3363 Bojarsoio
1408 3270 1649 3366 spoponderat.

719 3427 737 3462 α
754 3398 882 3470 Verum
892 3397 1016 3471 iterato
1030 3400 1151 3471 Vestra
1166 3396 1362 3469 Domiuatio
1377 3395 1460 3467 mihi
1473 3397 1650 3469 obtendet:

685 3547 700 3586 a
721 3543 857 3614 erpomc
869 3534 1019 3615 apertum
1037 3518 1106 3591 cult
1118 3517 1227 3589 tatere
1238 3516 1394 3588 unitum?
1412 3518 1503 3590 Saue
1517 3518 1552 3591 id
1566 3519 1657 3590 mal-¹

677 3642 743 3712 iem
769 3642 881 3736 potius
900 3653 934 3715 et
951 3654 1180 3739 peroptarem.
1210 3640 1299 3727 Quid
1321 3640 1413 3712 enim
1439 3639 1598 3735 prodest,
1622 3650 1655 3711 te

674 3764 802 3837 vidisse
830 3767 1027 3854 ueritatem,
1061 3788 1165 3863 quam
1194 3788 1258 3837 nec
1287 3763 1493 3838 defensurus
1521 3787 1574 3851 es,
1591 3786 1656 3837 nec

674 3898 880 3963 secuturus?
897 3892 986 3977 Quia
1002 3904 1118 3964 tamen
1134 3890 1292 3985 respicio,
1314 3910 1358 3959 ne
1373 3890 1500 3984 scripta
1522 3890 1656 3961 Vestrae

673 4012 982 4086 Reverendissimae
1006 4012 1257 4086 nominationis
1287 4011 1399 4083 minus
1426 4022 1568 4106 accepta
1589 4012 1657 4083 sint

674 4135 912 4220 schismaticis,
929 4135 1008 4207 ideo
1025 4136 1141 4207 malim
1160 4147 1192 4206 et
1208 4134 1450 4219 desiderarint,
1470 4144 1505 4203 ut
1523 4154 1602 4204 cum
1618 4154 1657 4203 se

675 4280 807 4330 merum
833 4272 868 4330 et
892 4258 1061 4330 sincerum
1082 4258 1280 4352 probaverit
1298 4258 1442 4343 unitum,
1460 4254 1653 4327 schismatis
