4100 6009
1113 922 1295 986 -l'ld-

703 1114 867 1212 epulantur,
883 1131 920 1196 de
943 1128 1037 1194 salute
1056 1141 1152 1194 autem
1171 1129 1327 1193 animarum
1341 1147 1439 1192 eorum
1451 1128 1685 1214 nullamprorsus

700 1233 809 1299 habent
820 1255 928 1300 coram.
939 1235 1024 1314 Quod
1036 1233 1240 1313 execrabilius,
1251 1235 1382 1319 plerique
1392 1236 1582 1321 corumlprob
1593 1235 1684 1302 Deum

701 1341 966 1432 immortalemltoti
981 1342 1082 1408 sedulo
1104 1342 1175 1406 inid
1192 1342 1372 1420 incumbunt,
1393 1362 1430 1406 ne
1453 1343 1561 1407 subditi
1584 1363 1683 1408 eorum

701 1447 738 1511 ad
756 1447 931 1532 agnitionem
943 1448 1073 1512 veritatis
1088 1447 1257 1533 perveniant
1272 1457 1303 1511 ct
1321 1446 1480 1526 salventur,
1500 1448 1566 1512 dum
1582 1470 1633 1514 eos
1654 1451 1682 1513 iu

701 1552 871 1630 schismate,
895 1553 1087 1638 blasphemis,
1115 1551 1258 1618 hereticis
1286 1553 1432 1620 erroribus
1459 1564 1598 1633 scatente,
1625 1573 1683 1618 non

701 1661 787 1725 modo
808 1681 976 1746 permanere
990 1663 1148 1746 patiantur,
1168 1677 1266 1726 verum
1281 1661 1366 1726 ctiam
1381 1673 1413 1726 ut
1426 1672 1560 1725 maneant
1580 1661 1684 1745 (perti-

701 1767 821 1844 naciam
835 1766 917 1831 istam
946 1766 1060 1831 illorum
1081 1766 1271 1831 constantiam
1295 1765 1479 1847 vocitantes),
1503 1765 1678 1830 hortentur:

700 1873 883 1944 invasoribus
903 1874 1049 1959 episcopis
1069 1891 1200 1958 pepones
1220 1891 1287 1955 suos
1306 1873 1480 1956 inaugurare
1498 1871 1680 1956 permittent,

699 1991 729 2044 et
743 1979 936 2044 obedientiam
951 1980 987 2044 iis
997 1991 1136 2066 praestare
1147 1980 1276 2062 adigant.
1290 1977 1395 2042 Unitos
1406 1989 1501 2043 autern
1515 1977 1680 2062 episcopos,

698 2083 844 2170 legitimos
866 2108 964 2152 eorum
985 2099 1128 2172 pastores,
1140 2085 1239 2151 verbis
1256 2086 1372 2170 quidem
1383 2086 1567 2170 magnificare
1578 2105 1636 2169 prat
1649 2104 1682 2149 se

698 2193 803 2273 lerant,
821 2195 915 2279 reipsa
935 2206 1032 2260 tanen
1053 2193 1170 2256 nimium
1186 2204 1379 2270 contemnant,
1403 2193 1468 2257 dum
1490 2211 1542 2256 eos
1562 2193 1591 2256 in
1609 2193 1682 2257 istos

698 2319 765 2364 suos
797 2321 925 2386 pepones
951 2303 1016 2385 jure
1041 2301 1168 2366 debitam
1198 2299 1428 2383 jurisdictionem
1458 2319 1595 2366 exercere
1623 2323 1680 2367 oon

697 2405 804 2484 sinaut,
818 2419 849 2473 ct
859 2410 953 2492 rogati
966 2419 1110 2472 recusent.
1125 2405 1151 2470 Ο
1165 2405 1263 2468 multis
1276 2404 1465 2488 vapulaturos
1476 2406 1547 2471 istos
1558 2409 1676 2472 servos!

696 2509 722 2575 0
739 2513 831 2578 malos
848 2516 980 2581 dominos
1000 2535 1056 2580 non
1071 2517 1164 2579 bonos
1178 2512 1353 2577 catholicosl
1367 2512 1431 2592 leti,
1445 2513 1492 2578 isti
1503 2526 1579 2594 sont,
1594 2515 1681 2580 Pater

696 2619 894 2702 Sanctissime,
905 2641 979 2706 quos
993 2623 1072 2707 apud
1083 2619 1374 2687 TuamSanctitetcm
1385 2620 1509 2706 culpem.
1521 2618 1679 2705 lstilrigidi

695 2726 832 2791 catholici
847 2739 914 2792 sunt
928 2729 957 2791 in
972 2748 1070 2808 causa,
1084 2746 1136 2790 cur
1150 2727 1212 2790 bec
1227 2724 1362 2789 salutaris
1386 2737 1495 2789 sancte
1520 2726 1635 2791 unionis
1649 2729 1679 2789 in

693 2834 790 2918 patria
803 2844 912 2915 nostra,
940 2833 1094 2898 mullorum
1110 2832 1209 2916 sagaci
1234 2831 1375 2897 industria
1398 2832 1447 2897 diu
1469 2833 1580 2916 agitate
1601 2834 1678 2917 (quoa

695 2942 782 3006 etiam
795 2961 873 3004 nuuc
882 2941 1069 3006 ,incessanter
1080 2939 1219 3024 agitetur)
1234 2938 1363 3004 scintilla
1379 2951 1509 3024 optatum
1522 2960 1580 3003 non
1594 2939 1678 3003 exci-

692 3048 772 3124 tarit,
792 3065 845 3110 noc
862 3047 972 3110 excitet
991 3045 1169 3130 incendium,
1186 3064 1273 3128 quam
1287 3046 1400 3109 istisne
1415 3045 1582 3110 detestabili
1597 3045 1678 3128 lrigi·

692 3151 782 3216 ditate
804 3151 830 3213 in
853 3152 1031 3236 ignitissimis
1045 3153 1190 3218 unitorum
1211 3151 1358 3216 fomitibus
1381 3152 1573 3236 restinguunt.
1597 3163 1628 3215 et
1641 3172 1678 3215 ne

676 3259 780 3348 ¹altum
797 3261 997 3342 inflammetur,
1010 3261 1200 3346 supprimunt.
1225 3259 1277 3324 lsti
1296 3259 1372 3324 tales
1392 3260 1529 3325 catholici
1552 3259 1678 3323 schisma

690 3365 720 3429 iu
731 3365 834 3430 Rossia
848 3378 946 3450 nostra
959 3367 1069 3442 levent,
1081 3377 1181 3430 lenem
1191 3376 1220 3429 et
1230 3377 1408 3450 promovent.
1423 3363 1476 3429 lsti
1487 3365 1673 3429 invasoribus

690 3471 833 3556 episcopis
844 3473 1071 3538 monasteriasui
1086 3482 1256 3556 patronatus
1272 3472 1310 3533 ad
1321 3469 1553 3535 commorandum
1564 3489 1674 3554 suppe-

689 3581 785 3647 ditant
799 3604 806 3661 ;
822 3582 869 3646 isti
881 3603 931 3646 cos
942 3582 1036 3662 alunt,
1055 3582 1102 3644 isti
1117 3581 1282 3647 detendunt.
1304 3580 1434 3659 Quorum
1454 3579 1495 3643 illi
1508 3579 1673 3664 patrocinio

690 3690 766 3767 irati,
784 3690 840 3752 buc
852 3687 921 3752 illuc
933 3708 984 3773 per
997 3698 1088 3753 totam
1105 3687 1236 3750 llossiam
1248 3687 1433 3765 cursitantes,
1447 3705 1577 3769 pepones
1588 3704 1669 3759 suos,

689 3796 818 3862 homines
833 3815 937 3862 crasse
961 3795 1131 3880 ignorantias
1154 3795 1336 3872 simoniaant,
1366 3793 1491 3857 schisma
1504 3793 1671 3871 ecclesiant,

689 3903 811 3966 lraereses
822 3903 1046 3968 ortlrodoxizant
1063 3926 1069 3963 :
1087 3914 1116 3965 et
1136 3903 1178 3965 sic
1192 3901 1259 3978 sibi,
1286 3902 1461 3984 sequacibus
1474 3900 1533 3963 sois
1553 3912 1583 3963 et
1607 3900 1673 3963 istis

688 4011 828 4094 patronis,
847 4031 909 4074 cum
925 4030 1029 4094 magno
1044 4009 1229 4093 parvulorum
1243 4008 1381 4073 scandalo
1397 4020 1427 4073 et
1439 4022 1548 4073 sanctae
1558 4009 1673 4073 unionis

687 4138 751 4182 curo
766 4118 856 4182 multo
878 4120 1060 4197 detrimento,
1078 4118 1273 4184 thesaurizant
1291 4118 1361 4180 iram
1375 4117 1402 4180 in
1423 4117 1470 4180 die
1485 4119 1534 4181 ire
1548 4131 1578 4183 ct
1592 4137 1674 4180 reve-

688 4223 806 4289 lationis
818 4227 996 4310 justijudicii
1007 4227 1070 4291 llei.
1081 4227 1134 4290 Cui
1151 4225 1227 4290 malo
1238 4246 1400 4307 occurrere,
1416 4227 1506 4290 Torum
1517 4237 1572 4304 cst,
1583 4225 1670 4290 Pater

687 4330 884 4414 sanctissime,
903 4347 931 4398 et
946 4333 1068 4415 efficere,
1083 4345 1114 4398 ut
1126 4334 1153 4396 in
1170 4353 1227 4396 uno
1239 4334 1396 4418 codemque
1411 4353 1531 4417 corpore
1545 4332 1672 4396 membra
