4100 6009
776 968 938 1033 -rr-
1029 1067 1033 1075 Ι
1164 938 1170 955 “

369 1179 770 1275 trissimimetropoiitani
782 1180 1018 1270 juramentum
1031 1180 1347 1275 professionemque

367 1301 557 1396 deponens,
572 1300 687 1374 eidem
701 1301 828 1373 scribo.
840 1302 883 1373 Et
897 1301 979 1396 qnia
991 1303 1063 1375 scio
1076 1303 1347 1375 Dominationem

367 1426 526 1497 Vestram
550 1423 815 1496 illustrissimam
849 1422 1006 1495 ecclesiae
1023 1435 1153 1497 nostres
1174 1426 1346 1497 Ruthenae

368 1556 697 1643 csseprotectorem,
716 1545 873 1636 ejusdem
887 1546 992 1617 etiem
1008 1546 1346 1618 manumbumiitime

368 1667 563 1741 deosculor.
584 1668 748 1751 Obsecro,
760 1676 798 1739 ut
816 1667 943 1740 abhinc
962 1669 1054 1741 inter
1074 1690 1154 1741 suos
1170 1692 1226 1740 me
1242 1668 1347 1740 etiam

367 1789 497 1862 babere
525 1790 688 1885 dignetur
709 1789 867 1876 clientes,
886 1802 1074 1885 sancteque
1099 1813 1163 1886 per
1186 1789 1346 1863 eumdem

368 1914 403 1985 S.
416 1911 1347 2008 Sediapostuiicaepromitt0,meomniquopoterostu-

367 2033 440 2121 dio,
459 2034 587 2109 damna
596 2058 658 2131 per
666 2057 722 2109 me
738 2036 832 2108 illata
849 2036 1005 2116 ecciesiae
1016 2036 1092 2121 Dei,
1111 2035 1234 2111 eodem
1246 2034 1349 2126 adju-

368 2167 485 2239 vaute,
507 2168 760 2252 reparaturum.
787 2156 901 2251 Atque
922 2158 1053 2231 utinam
1069 2180 1129 2253 per
1148 2159 1350 2232 effusionem

367 2283 546 2375 sanguinis
575 2282 644 2357 mei
661 2302 797 2377 possem
821 2280 936 2354 eidem
951 2283 1202 2375 qualecumque
1229 2303 1347 2355 semen

366 2403 546 2476 mandere.
561 2404 630 2476 Oro
644 2404 759 2497 itaque
773 2403 1005 2477 Eminentiam
1026 2405 1197 2488 Vestram,
1213 2416 1250 2476 ut
1266 2426 1347 2498 quae

367 2526 413 2599 ad
430 2548 564 2599 sacram
580 2528 889 2621 congregationem
902 2528 1011 2601 sancti
1021 2527 1133 2601 Officii
1145 2528 1280 2622 scripsi,
1291 2548 1350 2621 pa-

367 2657 465 2719 terne
474 2649 675 2721 examinare
684 2647 1284 2742 dignetnr3demum‚quodcumqne
1293 2669 1364 2719 me·

366 2770 481 2841 iacere
496 2772 683 2865 oportebit,
700 2770 787 2845 mihi
808 2769 956 2843 libenter
971 2768 1200 2865 perscribere.
1217 2771 1301 2841 Cum
1313 2769 1349 2841 id

366 2892 507 2963 unicum
520 2892 592 2983 jam
610 2893 647 2964 in
665 2892 752 2967 votis
774 2893 860 2969 mihi
876 2893 933 2978 sit,
950 2915 996 2964 ne
1012 2892 1057 2964 ad
1077 2893 1185 2965 latum
1208 2890 1349 2986 quidem

366 3037 517 3107 unguem
535 3013 718 3089 discedere
736 3036 757 3088 a
773 3016 954 3089 voluntate
967 3014 1175 3091 sanctissimi
1193 3015 1232 3087 D.
1255 3016 1298 3087 N.
1315 3027 1350 3088 et

367 3136 768 3213 DominationisVestrse.
781 3138 843 3209 Die
856 3138 961 3229 djuiii
977 3160 1069 3211 anno
1087 3132 1194 3213 teat.
1216 3168 1235 3204 s

415 3263 570 3358 Reliquae
586 3262 746 3357 epistoiae
758 3262 950 3338 Smotriscii
962 3262 1180 3358 aliorumque
1193 3263 1239 3335 ad
1256 3267 1349 3336 Rus-

366 3385 433 3457 siae
445 3395 690 3480 protectorem,
709 3383 754 3455 ad
767 3385 802 3455 S.
817 3384 988 3469 Officium,
1004 3384 1195 3457 adsacrum
1212 3385 1258 3457 de
1270 3406 1349 3481 pro

364 3505 527 3599 paganda
542 3504 613 3581 iide
634 3504 956 3598 Oongregationem,
982 3506 1173 3579 reticentiae
1199 3505 1350 3579 deman-

366 3625 443 3698 dari
456 3628 567 3701 uoluit
580 3626 764 3704 brevitatis
778 3626 946 3700 studium.
