4100 6009
1149 874 1310 937 ..10-

737 1080 909 1175 excerpsi.
926 1081 1013 1151 Sunt
1033 1101 1108 1175 prae
1129 1079 1292 1151 manibus
1306 1080 1420 1152 literae
1439 1079 1483 1153 de
1498 1082 1569 1153 vita
1591 1082 1721 1155 Meletii

735 1212 771 1273 et
787 1203 860 1274 istis
879 1203 1045 1297 portentis
1063 1202 1107 1274 ad
1125 1213 1231 1275 totam
1249 1204 1455 1275 Basilianam
1481 1205 1717 1276 Ruthcnorum

741 1326 776 1397 in
787 1327 822 1397 S.
839 1327 970 1398 Unione
982 1326 1186 1418 religionem
1203 1326 1356 1421 aliosque
1368 1326 1569 1421 perscriptae
1582 1327 1721 1421 losephi

739 1448 910 1519 Velamini
925 1449 1068 1533 llutscii,
1088 1449 1337 1543 archiepiscopi
1357 1450 1504 1535 Russiae,
1531 1448 1598 1520 viri
1626 1450 1721 1521 inte-

739 1570 896 1661 gerrimi,
923 1592 1025 1663 quem
1058 1569 1215 1643 Urbanus
1240 1570 1314 1642 vltl
1347 1595 1381 1641 os
1410 1568 1534 1641 Cluso·
1556 1584 1587 1641 et
1606 1570 1717 1657 Petri,

739 1692 890 1763 atlantem
929 1693 1071 1779 Ueiouis,
1106 1692 1284 1765 columnam
1318 1690 1463 1779 ecclesie,
1505 1692 1722 1766 Athanasium

739 1816 865 1888 Ilussioe
879 1818 1087 1913 appellavit;
1104 1819 1163 1912 qui
1185 1818 1289 1889 etiam
1310 1816 1388 1888 haec
1405 1817 1578 1891 mirabilia
1607 1822 1722 1893 Sacrae

738 1964 758 2012 u
782 1942 1006 2039 propaganda
1031 1940 1099 2014 lide
1122 1941 1390 2033 Congregationi
1417 1941 1451 2011 in
1478 1942 1628 2028 recenti,
1652 1966 1722 2037 quo

740 2065 828 2135 sacta
858 2075 951 2149 sunt,
979 2063 1103 2135 detulit
1129 2074 1296 2157 tempore.
1321 2062 1430 2134 Adest
1455 2064 1588 2152 concio,
1609 2066 1723 2139 Vilnae

740 2186 958 2281 superiorum
983 2187 1188 2258 auctoritate
1206 2188 1316 2281 praelo
1330 2186 1470 2273 donata,
1491 2188 1559 2258 viri
1580 2190 1723 2282 praecel·

741 2312 855 2397 lentis,
871 2311 1007 2383 Alberti
1025 2311 1184 2383 llortisci.
1206 2311 1284 2382 Soci
1298 2312 1393 2399 lesu,
1418 2311 1453 2382 in
1471 2332 1538 2405 qua
1556 2332 1635 2382 cum
1652 2312 1724 2384 vita

741 2438 870 2511 Meletii
884 2436 1039 2528 jucunda
1059 2445 1093 2506 ct
1109 2436 1230 2529 gravis
1252 2434 1441 2522 enarratio,
1459 2446 1533 2507 tum
1554 2436 1621 2508 huc
1636 2457 1724 2507 cen-

740 2575 897 2634 tenorum
934 2560 1178 2631 miraculorum
1193 2612 1195 2616 *
1211 2560 1353 2653 plenum
1385 2559 1616 2646 miraculum,
1651 2580 1720 2631 nan

741 2683 857 2754 minus
888 2682 1014 2775 insigni
1042 2680 1251 2769 eruditione,
1279 2700 1381 2776 quam
1409 2682 1557 2754 facundo
1586 2680 1724 2776 eloquio

742 2814 944 2876 exornatur.
971 2804 1023 2875 Ne
1046 2824 1235 2874 memorem
1256 2813 1308 2875 tot
1324 2804 1510 2875 etiamnum
1531 2803 1724 2876 viventium

744 2939 920 3001 recentem
946 2930 1031 3001 vitae
1045 2929 1119 3019 ejus
1136 2938 1170 2999 ct
1187 2928 1310 3000 horum
1329 2928 1566 3023 prodigiorum
1589 2950 1725 3000 memo-

743 3055 850 3140 riam,
869 3074 916 3124 ex
932 3052 1060 3147 quibus
1073 3052 1263 3125 infallibilis
1275 3074 1396 3124 eorum
1410 3063 1445 3123 et
1461 3052 1580 3125 divina
1595 3054 1722 3148 percipi

743 3180 843 3251 facile
859 3177 988 3273 poterit
1003 3176 1161 3271 probatio
1175 3186 1210 3247 et
1222 3175 1407 3261 certitudo,
1425 3176 1613 3249 dummodo
1626 3176 1671 3248 de
1683 3177 1725 3248 iis

742 3312 873 3372 sanctae
893 3298 1072 3393 inquirere
1096 3298 1246 3369 labuerit
1266 3298 1433 3369 ecclesiae.
1452 3298 1632 3383 Quocirca,
1657 3295 1725 3369 be-

743 3426 849 3517 nigne
874 3433 909 3496 et
934 3420 1105 3494 catholice
1131 3423 1252 3507 lector,
1270 3421 1387 3494 omnia
1408 3421 1441 3491 in
1465 3420 1530 3492 hoc
1553 3420 1725 3515 proposita

743 3544 872 3630 libello,
889 3566 953 3638 pro
965 3543 1074 3616 firmis
1090 3544 1247 3638 accipere
1261 3543 1359 3628 velis,
1377 3552 1412 3613 et
1424 3543 1543 3624 solari,
1561 3553 1632 3613 tam
1646 3544 1724 3615 soli-

741 3668 810 3752 dis,
829 3689 899 3737 non
917 3667 1077 3739 virorum
1095 3667 1212 3753 modo,
1235 3689 1359 3737 verum
1382 3667 1486 3737 etiam
1510 3677 1723 3736 mortuorum

741 3788 960 3860 documentis
982 3790 1017 3859 in
1035 3788 1203 3859 extremis
1224 3788 1343 3860 mundi
1361 3787 1484 3882 plagis,
1505 3788 1593 3859 etin
1616 3784 1727 3857 medi-

741 3912 840 3983 tullio
858 3912 1050 4006 pervicacis
1066 3912 1260 3983 schismatis
1276 3922 1409 3984 sanctae
1423 3914 1586 3985 Romanae
1616 3908 1726 3980 eccle·

738 4035 803 4107 siae
820 4033 958 4127 probari
982 4035 1225 4106 auctoritatem
1244 4047 1278 4107 et
1295 4056 1507 4107 summorum
1524 4032 1725 4127 pontificum

740 4160 861 4230 extolli
879 4169 1100 4253 potestatem.
