4100 6009
758 962 939 1026 -157-

360 1168 539 1264 lluplioato
550 1167 662 1262 magis
683 1169 819 1242 attoniti
844 1169 1011 1242 miraculo
1028 1168 1219 1255 haeserunt,
1239 1190 1338 1264 prae-

358 1293 458 1388 cipue
473 1315 551 1365 onm
568 1293 661 1364 clare
681 1295 910 1389 perciperent,
937 1293 1028 1388 ipsas
1048 1292 1248 1365 demortuus
1260 1314 1337 1365 ma·

359 1435 436 1498 nus,
455 1414 573 1486 vivide
589 1435 648 1488 eos
673 1416 859 1501 monuisse,
878 1416 972 1510 quod
985 1416 1151 1501 colerent,
1169 1412 1263 1508 qnod
1277 1392 1338 1488 re·

333 1577 335 1581 ·
356 1536 505 1628 jicerent
520 1541 641 1633 caput!
675 1529 901 1609 illucescente
916 1537 987 1622 die,
1006 1540 1096 1609 lama
1124 1537 1230 1609 velox
1242 1546 1339 1609 taum

359 1659 522 1732 continuo
551 1659 713 1756 dispersit
728 1659 905 1732 miracula.
926 1658 1080 1733 Affluere
1094 1660 1177 1732 hinc
1190 1670 1225 1732 et
1242 1659 1336 1747 inde,

361 1782 469 1877 plebs,
485 1784 593 1870 cives,
609 1784 753 1870 nobiles,
765 1783 869 1878 idque
888 1782 1013 1856 diebus
1027 1783 1170 1878 singolis
1182 1784 1341 1876 frequen·

361 1906 477 1979 tiores.
494 1906 623 1979 Intueri
640 1926 872 2002 compressam
885 1917 1066 2000 utramque
1078 1925 1231 1992 manum,
1248 1903 1340 1976 hanc

362 2038 535 2104 tenentem
548 2031 693 2104 Romani
707 2029 894 2126 pontificis,
910 2029 1004 2103 illam
1022 2027 1235 2119 rejicientem
1248 2029 1339 2102 Con-

360 2153 650 2248 stantinopolitani
678 2153 835 2225 litteras!
864 2151 1058 2242 llxtrabere
1078 2151 1123 2224 ab
1139 2151 1197 2221 illa
1210 2154 1337 2238 Breve,

360 2276 538 2370 imponere
567 2276 623 2348 isti
653 2276 866 2372 epistolium
885 2273 948 2348 sed
977 2293 1091 2368 neque
1117 2271 1205 2344 illud
1220 2270 1265 2344 ab
1281 2272 1341 2342 illa

362 2395 463 2490 eripi,
480 2420 594 2492 neque
612 2399 703 2473 istud
716 2399 760 2472 ab
774 2399 839 2472 ista
851 2397 976 2493 suscipi
995 2401 1001 2466 t

410 2523 632 2596 Rreviuscnle
648 2535 738 2620 post,
759 2523 804 2596 de
822 2532 932 2596 morte
944 2533 980 2594 et
996 2520 1171 2593 miraculis
1195 2520 1336 2608 Meletii,

363 2646 397 2724 in
426 2645 514 2718 aulis
541 2645 742 2720 collatorum
769 2644 980 2740 percrebuit.
1013 2645 1056 2715 Et
1082 2643 1226 2715 absente
1251 2642 1340 2716 duce

362 2769 506 2842 Domino
520 2767 566 2840 ab
577 2768 702 2862 Ostrog
714 2767 921 2854 Zaslavscio,
939 2767 1013 2858 ejus
1027 2765 1196 2861 praesides
1207 2773 1340 2861 etprae-

361 2890 463 2984 positi
475 2890 606 2964 militiae
617 2891 654 2961 in
669 2912 750 2963 arce
767 2890 904 2974 Dubno,
921 2888 1128 2963 Vezevscius
1140 2898 1177 2959 et
1191 2886 1342 2961 Czehan-

361 3013 464 3100 scius,
483 3037 531 3086 ex
556 3025 655 3110 parte
672 3015 777 3086 eliam
799 3013 917 3086 Annae
933 3011 1190 3087 Chodlrieviciae
1214 3012 1340 3086 Ostro-

363 3135 491 3228 giensis
511 3136 674 3224 ducissae,
704 3135 997 3233 aliusquispiam,
1023 3158 1092 3210 non
1122 3134 1222 3207 villas
1244 3132 1340 3205 dun-

362 3269 458 3332 taxat
477 3270 514 3332 et
529 3261 676 3334 ditiones
695 3260 907 3346 monasterii,
936 3258 998 3332 sed
1012 3259 1129 3353 ,ipsum
1145 3257 1250 3328 etiam
1262 3278 1342 3329 mo-

361 3382 549 3454 nasterium
571 3383 738 3456 militibus
758 3383 964 3479 replevere:
982 3381 1084 3453 veriti
1101 3380 1275 3471 utrinque,
1293 3399 1340 3450 ne

362 3505 437 3577 sine
453 3506 540 3579 scitu
553 3506 751 3578 alterutrius
767 3504 887 3601 partiS,
902 3504 1020 3592 alicui,
1036 3501 1230 3598 presertim
1244 3500 1339 3574 disu-

361 3628 434 3702 nito
450 3627 696 3700 monasterinm
716 3628 912 3702 traderetur
936 3626 1141 3720 regendum.
1156 3626 1200 3697 ut
1213 3623 1340 3696 duran-

361 3751 453 3825 tibus
465 3749 566 3824 dictis
581 3751 766 3837 miraculis,
783 3760 832 3823 tot
849 3760 884 3824 et
899 3751 986 3822 tanti
998 3749 1156 3821 homines
1166 3745 1257 3820 varii
1269 3755 1339 3818 sta·

362 3884 428 3959 tus,
447 3895 566 3960 senne,
582 3875 707 3961 aetatis,
732 3873 899 3961 baeretici,
925 3870 1147 3973 schismatici,
1174 3868 1339 3942 catholici

363 4001 549 4088 confluere,
569 3999 766 4087 extrahere,
778 3999 1040 4095 obstupescere!
1063 3997 1139 4091 lpse
1155 3993 1258 4064 etiam
1270 3994 1338 4065 Va·

361 4122 529 4208 zevscius,
562 4121 750 4217 praesidum
778 4120 986 4216 praecipuus
1022 4116 1171 4214 plurium
1193 4113 1338 4185 millium

363 4255 537 4340 spectante
571 4244 810 4331 multitudine,
843 4252 879 4316 ut
921 4242 1071 4316 sinistrae
1113 4238 1337 4335 Byzantinum

364 4370 463 4442 toties
475 4370 572 4440 irrito
588 4379 711 4442 conatu
725 4371 835 4441 Breve
851 4367 1027 4464 applicuit,
1039 4367 1087 4439 sic
1100 4365 1250 4458 gloriose
1264 4365 1334 4436 Ur-
