4100 6009
1083 916 1265 984 —1tt—

681 1123 790 1196 tinum
799 1123 1030 1213 Kioviensem,
1042 1127 1447 1221 praectarunsmotrrscti
1461 1138 1656 1224 patronum,

682 1247 817 1320 unionis
839 1247 1004 1324 eximium
1033 1259 1277 1344 promotorem,
1304 1251 1460 1348 aliosque
1482 1255 1582 1347 mgni
1603 1276 1658 1326 se-

681 1382 831 1458 natores,
848 1371 883 1448 in
897 1374 1011 1446 auiam
1020 1374 1199 1446 memorias
1207 1375 1438 1450 seranissimae
1450 1376 1658 1472 Sigismundi

683 1491 725 1562 nt
748 1495 955 1587 penetravit.
977 1496 1173 1591 rictumque
1204 1508 1364 1593 potenter
1388 1508 1424 1570 et
1452 1500 1656 1594 perfectum,

684 1628 720 1690 ut
740 1617 785 1690 do
813 1637 984 1691 consensu
1014 1617 1234 1713 reipublicae,
1266 1620 1511 1715 diplomatibus
1538 1621 1656 1714 regiis,

683 1739 894 1833 peragendae
909 1739 1034 1835 synodi
1051 1740 1173 1812 moniti
1189 1752 1316 1814 essem.
1338 1741 1432 1814 Uniti
1446 1763 1530 1814 vero
1550 1743 1659 1836 parati

682 1864 833 1948 fuerunt,
845 1861 891 1936 de
903 1863 1044 1934 licentia
1057 1884 1198 1938 suornm
1214 1885 1275 1938 eos
1289 1861 1410 1936 andire
1421 1865 1652 1960 superiorum.

682 1987 800 2058 Mense
814 1986 919 2080 igitur
929 1998 1089 2078 augusto,
1104 2008 1195 2059 anno
1204 1997 1391 2083 praesente,
1402 1987 1538 2060 Kioviae
1553 1988 1659 2060 schis

683 2110 797 2182 rustici
811 2110 982 2207 synodum
1003 2133 1100 2184 soom
1125 2112 1335 2208 peculiarem
1355 2111 1521 2185 habuero.
1540 2111 1660 2186 Calear

681 2233 748 2306 iliis
763 2233 922 2308 adhibuit
946 2237 1080 2330 legatus
1094 2235 1221 2330 regins,
1242 2237 1297 2308 vir
1314 2258 1472 2328 magnus,
1503 2234 1659 2310 Adamus

681 2355 789 2442 Risui,
820 2358 1006 2450 caeteriquc
1033 2381 1108 2432 suae
1136 2359 1270 2431 nubilos
1298 2358 1500 2452 religionis3
1527 2358 1564 2430 in
1588 2381 1659 2452 qua

682 2494 899 2576 praeparatus
907 2492 1096 2554 conventus
1108 2483 1547 2578 communis,Loopolioum
1557 2482 1659 2556 unitis

682 2601 800 2685 futuri,
817 2602 934 2692 jacere
952 2603 1157 2679 debuerant.
1176 2605 1249 2677 Nec
1262 2604 1351 2678 oniti
1370 2604 1561 2696 segniores,
1578 2604 1661 2675 Vla-

683 2724 834 2800 dimiriae
858 2727 892 2798 in
912 2727 1085 2822 Voihynia
1101 2749 1201 2799 soum
1216 2728 1390 2823 privatum
1414 2748 1520 2820 egere
1538 2730 1659 2800 conci-

682 2851 779 2921 lium.
799 2850 919 2923 Adfuit
939 2861 1074 2945 tempus
1102 2851 1334 2944 designatum,
1354 2851 1388 2922 in
1401 2851 1537 2923 octobri
1557 2873 1660 2944 pera-

682 2973 808 3067 gendas
849 2975 988 3069 Leopoli
1027 2974 1134 3069 partis
1171 2974 1351 3068 utriusque
1386 2972 1532 3070 synodi.
1571 2972 1660 3046 Cura

680 3095 875 3168 securitatis
895 3097 1082 3192 protectori
1093 3108 1130 3169 et
1144 3095 1280 3190 parenti
1303 3096 1659 3181 summouendum

682 3219 727 3290 ab
739 3221 864 3314 Ostrog
876 3219 970 3306 duci,
986 3241 1050 3314 per
1059 3219 1190 3312 regiam
1206 3217 1420 3309 maiestatem
1434 3216 1654 3291 demandata.

683 3340 776 3412 Uniti
788 3363 890 3414 omne
905 3341 1058 3414 studium
1066 3342 1111 3413 ad
1125 3339 1255 3413 bonum
1271 3339 1439 3430 ejusmodi
1452 3360 1658 3434 promoven·

681 3464 764 3537 durn
784 3465 986 3538 adhibuero.
1006 3465 1051 3536 Et
1066 3463 1240 3558 Leopolim
1265 3464 1551 3559 metropolitanus
1570 3461 1658 3536 Kio-

681 3589 809 3662 viensis
821 3589 989 3685 Iosephus
998 3588 1168 3676 Roscius,
1178 3588 1333 3662 vacantis
1345 3586 1437 3660 sodis
1445 3587 1658 3659 Chelmensis

682 3709 955 3798 administrator,
990 3710 1160 3783 Antonius
1189 3710 1325 3784 Sielava
1355 3709 1563 3796 Polocensis‚
1589 3710 1659 3780 Lco

681 3831 806 3906 Creusa
845 3832 1129 3919 Smolenscensis,
1154 3831 1428 3927 archicpiscopi,
1464 3831 1660 3908 Joachimus

682 3956 920 4030 Morochovius
932 3953 1219 4043 Viadimiriensis,
1233 3956 1422 4036 Hieremias
1430 3953 1659 4049 Poczapovius

681 4079 1367 4176 tununnensis,Athanasiusttrupeccius
1380 4078 1654 4175 Prcmysiicnsis‚

682 4203 833 4299 Raphael
847 4203 980 4276 Korsak
993 4204 1198 4291 Pinscensis,
1213 4203 1377 4299 episcopi,
1392 4212 1538 4288 mature,
1554 4200 1658 4274 adn—

682 4329 791 4400 uentis
805 4327 960 4420 nonnulii
977 4326 1151 4400 advenere
1164 4328 1292 4400 leucis:
1311 4348 1432 4400 omncs
1451 4324 1609 4399 doctrina
1621 4336 1657 4396 et
