4100 6009
1122 908 1285 972 ..82-

712 1117 777 1188 sim
803 1116 908 1203 illiue,
933 1136 1036 1209 quam
1060 1116 1127 1188 sibi
1151 1120 1444 1217 Constantinopoli
1468 1128 1692 1218 porrexisset,

713 1239 793 1310 huic
822 1239 979 1333 epistolae
1007 1261 1082 1312 suae
1105 1240 1314 1316 ediametro
1339 1247 1532 1340 oppositam
1561 1249 1693 1322 adver-

712 1363 821 1447 tisset,
843 1362 877 1432 in
898 1360 1100 1455 uoraginem
1117 1384 1155 1434 se
1171 1364 1372 1460 opinionum
1391 1368 1572 1457 incidisse3
1595 1373 1691 1447 etad

710 1484 939 1570 truculentam
953 1483 1082 1571 cordis,
1098 1485 1351 1561 conflictatione
1365 1492 1610 1585 cogitationum
1624 1492 1693 1565 dis

708 1607 831 1702 carpti,
851 1606 1022 1679 lanienam
1039 1606 1269 1681 descendisse.
1299 1610 1441 1707 lusuper
1468 1618 1690 1689 rememorari

708 1716 854 1801 lameriti
874 1730 927 1801 sui
951 1729 1036 1800 illud
1061 1741 1237 1824 punctum,
1257 1754 1277 1803 a
1298 1733 1505 1826 quibusdam
1529 1759 1549 1809 e
1569 1739 1691 1811 Russia

708 1854 752 1926 ud
765 1876 845 1926 eum
857 1865 937 1927 ante
948 1855 1079 1947 aliquot
1091 1875 1199 1926 anuos
1215 1856 1354 1928 missum
1377 1885 1384 1927 :
1409 1858 1692 1959 Peccatupurpuri

706 1978 817 2078 pratia
835 1991 865 2049 ct
888 1976 1004 2073 protis,
1030 1975 1145 2074 ubsque
1166 1977 1303 2051 aseritis.
1329 1980 1429 2065 Quod
1453 1983 1550 2055 illurn
1574 1986 1687 2081 ipsum

707 2105 801 2177 nisce
818 2103 969 2175 refutare
989 2102 1140 2175 voluisse
1160 2129 1168 2172 :
1192 2102 1277 2173 Beue
1301 2116 1349 2175 est
1371 2119 1518 2177 notatum
1541 2107 1576 2179 in
1598 2110 1690 2181 colte—

703 2228 791 2313 dolc,
809 2223 892 2325 qood
909 2225 963 2295 lior
977 2239 1131 2321 punctum
1146 2224 1254 2321 sapiat
1271 2226 1537 2299 lutheranismum
1550 2258 1559 2300 :
1570 2257 1689 2329 mopso
1762 2326 1766 2333 ι

704 2349 833 2449 quidem
849 2361 893 2419 est
912 2347 975 2419 Dei
989 2370 1067 2445 erpa
1088 2346 1226 2419 domines
1248 2348 1495 2436 miscricordio;
1515 2366 1551 2422 ot
1566 2378 1613 2425 voe
1632 2354 1685 2441 iis,

705 2470 762 2569 qui
776 2470 844 2541 siue
858 2467 1005 2566 operibus
1020 2493 1053 2540 sc
1065 2481 1181 2565 potunt
1193 2468 1316 2541 suloori
1324 2495 1427 2566 posse.
1443 2471 1489 2541 Et
1500 2497 1539 2543 ue
1551 2472 1687 2549 ulterius

703 2622 752 2666 ura
768 2618 927 2690 occupem,
942 2591 1040 2690 pleno
1055 2604 1100 2663 est
1121 2590 1304 2689 Scriptura,
1322 2619 1386 2689 pro
1407 2595 1540 2669 ueritate
1560 2613 1682 2684 nostru,

698 2718 797 2814 plena
811 2717 950 2788 Potrum
965 2714 1098 2811 scripta.
1117 2710 1238 2803 Quodsi
1253 2714 1296 2785 ud
1313 2712 1542 2787 dotroeudum
1550 2744 1683 2819 porqu-

703 2841 820 2911 torium
836 2862 1004 2910 romonum
1019 2850 1149 2907 cunutus
1176 2837 1241 2934 [uit
1253 2838 1366 2935 [ursan
1385 2836 1580 2937 Ortltoloqus
1602 2841 1685 2913 illud

700 2989 849 3048 moerere,
864 2988 927 3033 nou
939 2960 1106 3033 laudator.
1123 2960 1211 3033 Nom
1222 2988 1284 3033 noo
1296 2960 1441 3035 &bemus
1458 2964 1684 3037 conscientium

700 3104 841 3161 nostrum
857 3083 1023 3186 offendere,
1041 3100 1078 3157 ut
1097 3111 1161 3157 uno
1176 3084 1379 3159 &cursorios
1394 3101 1518 3159 costros
1538 3086 1682 3186 offendu-

699 3238 783 3285 mus.
809 3208 953 3282 Ecclesia
971 3224 1081 3281 nostro
1108 3235 1170 3281 nou
1197 3235 1268 3281 cum
1292 3209 1428 3283 Lutlrcro
1448 3208 1549 3283 credit
1570 3213 1604 3284 in
1629 3213 1683 3285 loc

698 3335 843 3421 ortimtlo,
852 3334 908 3407 sed
920 3358 991 3404 cum
1005 3331 1158 3403 Rourcnis
1170 3332 1324 3419 convenit,
1339 3331 1426 3404 solvo
1438 3332 1510 3429 ique
1522 3335 1683 3409 materiali

696 3457 896 3558 purpotorii.

746 3584 832 3669 Quae
849 3581 1012 3654 universa
1030 3601 1106 3651 cum
1141 3578 1223 3676 ipsis
1253 3578 1322 3652 oris
1348 3579 1423 3669 ejus
1456 3582 1574 3654 verbis
1597 3581 1681 3655 Gon-

697 3702 920 3799 stautinopoli
939 3702 1092 3797 prolatis,
1121 3701 1167 3773 de
1195 3701 1394 3797 purgatorio
1411 3702 1576 3791 tollendo,
1595 3725 1680 3776 ora-

695 3828 846 3900 tionibus
879 3847 942 3922 pro
969 3824 1143 3897 defunctis
1172 3824 1441 3919 supprimendis,
1465 3826 1680 3899 consessione

695 3950 881 4023 auriculari
909 3946 1134 4034 eliminanda,
1167 3947 1414 4041 conterentem,
1434 3948 1586 4020 maxime
1602 3947 1680 4021 dis-

694 4070 905 4143 cruciavisse
917 4081 953 4143 et
965 4092 1057 4142 nunc
1071 4068 1290 4141 discruciare.
1302 4071 1373 4141 Nec
1386 4070 1677 4165 Constantinopoli

692 4193 862 4267 demotis
880 4195 985 4266 rebus
1003 4192 1114 4266 solide
1142 4214 1222 4267 cum
1248 4214 1290 4266 eo
1316 4194 1476 4266 conterre
1500 4194 1674 4288 potuisse;

694 4317 799 4389 immo
814 4338 878 4388 uec
894 4337 1028 4403 ausum,
1048 4338 1127 4389 cum
1145 4316 1243 4389 multi
1260 4327 1295 4388 et
1309 4316 1526 4410 perdifficiles
1542 4314 1675 4389 suborti
