4100 6009
788 948 951 1013 ..67-

427 1157 539 1250 Super
571 1158 626 1228 his
655 1166 689 1227 et
726 1156 895 1229 similibus
930 1181 998 1229 non
1042 1160 1154 1231 minus
1188 1160 1354 1251 fideliter,

378 1298 484 1368 quam
509 1277 675 1350 ardenter
701 1279 772 1371 egit
803 1300 883 1351 oum
913 1279 1002 1353 duce
1025 1281 1256 1370 Smotrisoius,
1279 1286 1359 1378 quia

379 1399 521 1471 semotis
547 1399 696 1473 arbitris.
734 1400 780 1473 At
808 1423 892 1474 vero
924 1403 999 1475 dux
1030 1404 1255 1493 Zaslavscins,
1287 1409 1360 1480 zelo

378 1518 456 1609 ejus
478 1523 731 1611 animadverso,
763 1525 904 1621 Josephi
932 1526 1035 1597 etiam
1057 1528 1185 1599 Rutscii
1214 1529 1359 1619 litteras,

380 1662 486 1737 snper
500 1646 690 1718 rationibus
715 1670 795 1719 curn
810 1668 854 1721 eo
877 1647 1102 1743 procedendi,
1126 1649 1241 1721 eidem
1257 1674 1361 1725 mon·

380 1768 521 1855 stravit;
558 1768 683 1863 quibus
715 1771 813 1843 tectis
842 1772 958 1843 omnia
992 1773 1182 1867 probavit:
1217 1773 1363 1867 saepius-

383 1912 451 1984 que
466 1914 506 1964 ao
520 1893 646 1966 iterum
661 1894 852 1990 principem
864 1895 1036 1975 exoravit,
1056 1905 1093 1967 ut
1119 1918 1140 1969 a
1165 1898 1301 1971 Rutscio
1317 1897 1362 1969 de

384 2014 460 2105 ejus
474 2018 596 2103 salute,
615 2040 719 2113 quam
740 2018 814 2113 ipse
842 2019 943 2091 toties
968 2017 1239 2104 desideraverat,
1258 2042 1363 2113 quam

383 2147 500 2230 posset
525 2140 750 2212 acceleratius
764 2150 895 2233 ageret.
916 2141 981 2226 Qui
999 2163 1063 2236 per
1079 2141 1222 2227 litterae,
1243 2142 1289 2215 23
1308 2142 1364 2215 se-

386 2256 518 2331 bruarii
535 2259 647 2347 daos,
671 2262 836 2335 universa
852 2262 991 2337 Rutscio
1020 2262 1138 2336 retulit
1157 2291 1165 2335 :
1184 2262 1364 2357 epistotam

385 2385 610 2478 superiorem,
630 2386 676 2460 ad
688 2387 924 2459 Smotrisoium
937 2384 1118 2475 directam,
1150 2386 1361 2459 transmisit:

385 2525 428 2577 ao
450 2507 619 2600 proficisci
653 2532 735 2582 eum
767 2510 923 2582 Kioviam
953 2510 1135 2581 nuntiavit.
1157 2510 1255 2583 Unde
1267 2521 1366 2605 post·

386 2650 490 2723 quam
508 2631 678 2719 rediisset,
697 2632 811 2705 eidem
826 2632 1024 2705 delaturum
1041 2642 1076 2704 et
1094 2642 1308 2727 rogaturum,
1327 2644 1365 2705 ut

389 2752 485 2823 notto
498 2754 646 2839 conscio,
677 2757 822 2826 salutem
837 2756 913 2846 ejus
930 2766 1188 2849 procuraturus
1207 2753 1365 2827 Dubnam

387 2871 626 2949 descenderet.
650 2875 924 2949 administrabat
939 2878 973 2950 id
988 2878 1165 2973 temporis,
1185 2890 1365 2953 vacantem

386 2996 420 3075 iu
436 2998 561 3070 unione
576 2998 815 3074 CbeImensem
828 3001 1065 3096 episcopatum
1092 3000 1262 3095 Iosephus
1282 3003 1364 3074 Rut-

387 3119 780 3217 sciusmetropoiitanus‚
790 3123 968 3197 etdeviHa
980 3124 1136 3215 ejusdcm
1151 3124 1367 3219 episcopatus

386 3241 588 3337 Bialopolio,
609 3247 632 3319 2
647 3245 762 3316 martii
778 3266 869 3317 auno
885 3257 1088 3334 memorato,
1118 3246 1163 3319 ad
1189 3247 1367 3342 superiora

391 3363 472 3435 doci
495 3366 672 3438 rescribit:
696 3368 895 3441 Delibutum
923 3390 961 3441 sc
982 3370 1103 3441 intime
1135 3379 1207 3441 tam
1226 3370 1368 3462 egregio

389 3486 465 3577 ejus
487 3490 654 3582 epistolio.
685 3490 884 3585 Agnoscere
901 3493 1049 3585 gratiam
1065 3492 1126 3563 Dei
1151 3493 1300 3563 locutam
1330 3492 1373 3562 in·

391 3610 465 3703 ipso
487 3619 522 3681 et
546 3632 609 3706 per
635 3613 761 3708 ipsum.
785 3614 858 3686 Nec
874 3615 1018 3686 ulterius
1034 3612 1229 3685 defuturam
1246 3612 1368 3704 singn÷

392 3731 457 3803 tari
481 3731 556 3822 eius
570 3734 689 3828 pietati
707 3738 850 3831 zeloque
865 3737 1036 3809 catholico
1067 3735 1220 3808 divinam
1240 3734 1369 3824 majes-

388 3864 515 3941 tatem;
539 3856 602 3929 sed
617 3880 714 3954 spem
734 3869 866 3933 certam
886 3861 1069 3956 concipere
1086 3858 1164 3932 finis
1183 3858 1368 3932 desidera-

391 3983 526 4056 tissimi.
544 3986 589 4057 Se
604 3986 688 4057 nihil
701 3987 936 4083 superaddere
952 3986 1057 4072 velle,
1083 4006 1147 4056 neo
1168 4005 1279 4079 posse.
1299 3985 1367 4055 So-

391 4110 531 4204 lumque
547 4108 746 4184 desiderare
755 4111 850 4204 jussa
863 4112 1003 4207 exequi.
1022 4112 1259 4183 Etventurum
1274 4106 1370 4181 ocius

391 4249 462 4321 quo
479 4230 552 4326 ipse
579 4231 750 4305 innueret.
768 4234 978 4308 Mouendum
1002 4254 1106 4329 porro
1134 4228 1369 4301 Smotrisoium

393 4351 590 4445 persuadet,
611 4356 770 4427 unionem
787 4377 858 4449 qno
879 4356 1002 4445 serius,
1024 4376 1066 4428 eo
1081 4352 1197 4424 verius
1212 4349 1369 4445 amplec-
