4100 6009
1106 1176 1230 1242 CAPUT
1252 1176 1308 1243 111.

849 1420 967 1471 Mantus
977 1434 1177 1482 ancellinum,
1196 1433 1385 1470 ssflfllfll‘lswl’ll!
1398 1435 1421 1469 ΙΝ
1440 1435 1576 1485 bellum,

1063 1536 1219 1582 auasroorrus
1240 1536 1353 1573 ostoun.

1105 1764 1299 1779 *-

767 2034 868 2108 Cedit
883 2034 1014 2109 interea
1033 2035 1112 2109 latis
1128 2036 1291 2113 Leontius
1307 2037 1512 2131 Karpoviez,
1526 2036 1699 2110 Vilnensis

717 2161 1037 2258 apudadversarios
1049 2159 1332 2246 archimandrita,
1354 2159 1555 2234 monasticae
1569 2158 1698 2231 severi-

718 2288 798 2360 tatis
817 2307 937 2359 amans
949 2293 983 2355 el
997 2306 1132 2355 morum
1147 2283 1394 2369 laudabilium,
1413 2284 1495 2355 ‘nisi
1516 2305 1575 2357 eos
1605 2282 1698 2355 schi-

717 2421 827 2481 smate
845 2409 1074 2502 deturpasset.
1090 2405 1236 2477 Proinde
1246 2405 1405 2478 Meletius
1417 2428 1485 2478 non
1499 2408 1698 2498 minusejus

718 2530 917 2602 monasterii
946 2529 1195 2622 religiosorum,
1226 2550 1331 2621 quam
1360 2528 1520 2615 sodalitii,
1552 2552 1577 2601 e·
1593 2528 1696 2601 nobili

719 2652 883 2745 civilique
896 2663 989 2723 coetu
1005 2652 1155 2737 collecti,
1175 2651 1208 2719 in
1227 2650 1531 2729 archimandritam
1547 2650 1698 2722 unanimi

720 2794 805 2844 voce
829 2773 980 2864 eligitur.
1015 2772 1138 2845 Annus
1163 2784 1235 2844 lum
1267 2775 1353 2845 loll
1405 2771 1623 2859 volvebatur,
1648 2782 1698 2861 et

718 2895 933 2967 Ottomauica
959 2918 1081 2970 manus
1102 2918 1211 2988 regno
1238 2897 1408 2989 rebusque
1434 2896 1568 2967 inhians
1591 2895 1697 2975 Polo-

719 3015 952 3102 niae,·limites
972 3017 1045 3098 ejus
1059 3016 1180 3089 adorta
1197 3028 1261 3089 est.
1285 3018 1420 3089 Interea
1439 3016 1609 3088 increbuit
1623 3015 1698 3093 Vile·

718 3158 789 3222 uae,
808 3137 1064 3234 Theophanem,
1085 3139 1435 3235 Hierosolymitauum
1450 3136 1692 3234 patriarcham,

719 3260 755 3333 id
785 3263 949 3358 temporis
968 3284 989 3333 e
1017 3263 1202 3351 Moscovia,
1230 3263 1275 3334 dc
1292 3262 1463 3334 mandatis
1486 3262 1541 3333 soi
1558 3260 1694 3355 tyranni

718 3387 754 3457 in
771 3373 914 3459 Polouos
939 3386 1128 3473 stimulata,
1148 3386 1183 3457 in
1205 3386 1360 3459 Russiam
1380 3395 1417 3456 'cl
1445 3385 1603 3456 Kioviam
1628 3386 1695 3459 de-

717 3508 902 3586 scendisse.
920 3508 1029 3601 Igitur
1055 3529 1178 3580 omnes
1208 3508 1296 3609 dieti
1316 3508 1469 3601 religiosi
1484 3507 1694 3603 sodalesque

720 3631 899 3706 Vilncnses
924 3632 1100 3705 Meletium
1122 3606 1373 3717 Smotriscium,
1388 3632 1545 3711 Kioviam
1564 3655 1694 3713 conce-

720 3755 831 3845 deret,
845 3754 1055 3841 aceendere;
1072 3777 1143 3830 aere
1159 3755 1296 3849 copioso
1310 3754 1342 3827 in
1354 3754 1548 3827 subsidium
1561 3756 1696 3831 itineris

720 3879 874 3967 munire,
903 3877 1170 3951 archimandriae
1194 3880 1377 3966 llilnensis,
1409 3879 1605 3951 Polocensis
1629 3900 1694 3951 ar-

720 4002 995 4098 chiepiscopatus
1035 4002 1184 4075 honores
1216 4024 1279 4098 per
1320 4024 1443 4077 manns
1486 4002 1693 4097 patriarchae

720 4136 922 4211 assumeret,
952 4124 1129 4219 impendio
1159 4126 1305 4221 precari.
1336 4124 1468 4197 Annuit
1501 4126 1570 4211 ille,
1601 4133 1696 4196 ratus

721 4249 925 4341 aperlassibi
929 4250 1424 4344 januasperhorumgraduum
1433 4247 1693 4343 amplitudinem
