4100 6009
784 950 968 1015 -stt-

446 1162 531 1233 Toto
555 1157 802 1232 invaletudinis
829 1163 984 1250 tempore
1013 1180 1083 1231 non
1110 1136 1288 1246 decubuit,
1319 1160 1381 1232 sed

397 1281 515 1355 domui
543 1303 616 1353 suae
642 1280 813 1374 rebusque
842 1279 1068 1375 disponendis
1100 1280 1312 1375 invigilavit,
1345 1291 1384 1354 ut

398 1415 543 1477 mortem
580 1404 731 1497 paratior
763 1403 961 1497 exciperet„
997 1403 1126 1475 Octava
1164 1404 1380 1492 novembris,

397 1528 582 1600 emundata
599 1527 758 1598 universe
783 1526 1006 1614 conscientia,
1028 1548 1107 1599 cum
1127 1548 1261 1599 summa
1277 1528 1382 1598 animi

396 1651 571 1746 voluptate
585 1647 765 1720 Dominum
790 1647 1384 1744 suuminsacroEucharistiaemps.

396 1772 484 1844 terio
507 1771 672 1866 percepit,
688 1779 723 1842 et
739 1768 783 1841 de
797 1770 913 1841 futura
924 1769 1026 1841 brevi
1045 1770 1271 1842 translatione
1286 1771 1383 1844 laeta·

397 1903 532 1967 tuaest.
550 1894 716 1987 Capulum
737 1892 876 1964 exuviis
889 1894 1046 1988 corporis
1062 1892 1278 1988 deponendis
1290 1917 1382 1967 con-

398 2015 468 2105 fici,
481 2037 632 2112 pannum
646 2016 694 2087 illi
704 2017 894 2109 vulgarem,
907 2028 999 2088 etex
1013 2017 1230 2089 lelacrucem
1246 2017 1377 2104 induci,

396 2150 600 2211 ornamenta
616 2139 842 2212 sacerdotalia
856 2139 958 2231 juxta
982 2149 1088 2234 atque
1108 2143 1317 2236 episcopalia
1335 2143 1380 2216 de

397 2259 519 2333 viliore
536 2262 679 2333 materie
700 2259 788 2348 fieri,
819 2272 1014 2356 caeteraque
1040 2262 1231 2335 funerando
1258 2239 1393 2337 neces-⁵

396 2387 498 2472 saria,
523 2384 585 2457 sed
614 2383 845 2457 moderatiora
871 2385 998 2480 parari,
1019 2385 1149 2457 vicario
1178 2389 1379 2459 monasterii

397 2507 566 2600 injunxit3
586 2527 651 2578 nec
673 2505 858 2578 sollicitare
874 2527 956 2578 eum
975 2505 1090 2592 desiit,
1117 2505 1229 2579 donec
1255 2530 1379 2606 reapse

397 2639 515 2724 parata
541 2629 697 2701 vidisset.
717 2629 883 2722 Regimen
899 2629 1101 2702 monasterii
1116 2630 1170 2700 sui
1185 2630 1231 2702 ad
1244 2641 1379 2729 tempus

397 2748 557 2844 religioso
573 2750 885 2844 patrimonasterii
897 2750 1281 2846 Dubnensissuperiori,
1297 2753 1378 2826 Cas·

396 2873 503 2961 siano,
521 2874 786 2947 commendavit.
1222 2885 1225 2890 ’

443 2995 619 3068 Vinarium
647 3009 781 3091 patrem
823 2994 945 3068 lsaiam
978 2997 1163 3085 lladevicz,
1197 2998 1378 3093 septennio

396 3117 461 3190 sibi
475 3119 733 3206 inservientem,
748 3131 783 3192 et
801 3117 869 3191 fide
882 3131 1013 3206 sancta,
1037 3120 1235 3216 prudentia,
1250 3122 1377 3194 virtute

395 3245 531 3316 caeteris
556 3244 843 3337 praestantiorem,
869 3243 1013 3315 creavit.
1041 3245 1176 3316 Annam
1201 3243 1376 3316 ducissam

394 3352 663 3457 Osl'rogiensem,
684 3364 825 3460 palatini
841 3364 1013 3438 Vilneusis
1037 3365 1270 3438 Chodlrievicii
1293 3386 1375 3437 eou-

390 3487 523 3582 jugem,
541 3487 720 3560 submissis
745 3487 858 3559 oravit
875 3487 1012 3574 litteris,
1036 3498 1073 3560 ut
1094 3509 1136 3560 eo
1159 3490 1252 3560 viam
1268 3500 1376 3562 aeter-

394 3609 509 3686 nitatis
538 3610 764 3704 ingrediente,
801 3609 1009 3680 monasterio
1026 3609 1240 3704 provideret,
1270 3632 1316 3683 ne
1340 3611 1374 3683 in

394 3753 517 3803 manus
530 3710 809 3804 adversariorum
832 3729 1045 3803 illaberetur.
1064 3731 1164 3817 Quod
1178 3733 1289 3826 ipsum
1303 3742 1373 3804 tes-

395 3865 547 3928 tamento
557 3873 768 3940 suocavens,
784 3875 998 3947 omnesquos
1011 3855 1376 3951 concerneretdepre—

395 3975 655 4051 catusest.lllud
664 3997 748 4049 vero
759 3977 806 4049 ita
816 3998 918 4049 manu
932 3977 1073 4072 propria
1081 3978 1247 4074 scriptum
1254 3978 1375 4074 dispo-

394 4099 474 4184 suit,
488 4109 524 4170 ut
539 4099 708 4171 voluntati
721 4099 970 4196 archiepiscopi
986 4100 1121 4174 llussiae
1137 4099 1278 4195 losephi
1294 4101 1376 4172 uni-

394 4241 495 4293 versa
504 4230 628 4294 testata
642 4221 908 4322 subjecerit.Cui
921 4222 1024 4294 etiam
1040 4223 1189 4295 reddere
1205 4222 1372 4297 vicarium

393 4344 447 4416 sui
463 4345 659 4418 monasterii
673 4345 1042 4419 vinculoconscieutiae
1055 4348 1233 4441 obligavit.
1254 4346 1375 4420 Libros
