4100 6009
1113 914 1277 981 -58-

705 1123 883 1213 majestate
907 1135 1054 1217 questa,
1081 1123 1260 1220 episcopos
1284 1122 1412 1197 nullius
1438 1126 1681 1220 possessionis,

704 1246 856 1339 ignaros,
887 1245 1029 1318 alterius
1055 1245 1244 1331 districtus,
1276 1246 1387 1319 unitos
1403 1249 1565 1320 conferri.
1586 1251 1689 1321 Nun-

704 1388 807 1460 quam
822 1379 936 1439 tamen
954 1367 1144 1459 majestatis
1152 1368 1246 1458 jura,
1269 1367 1343 1463 ipsa
1369 1392 1487 1465 perse
1507 1370 1681 1463 eligendo,

704 1500 739 1561 et
752 1490 931 1585 episcopos
949 1491 1178 1577 conterendo,
1197 1490 1319 1564 adorta
1347 1505 1420 1580 est,
1449 1516 1527 1565 cum
1547 1495 1686 1568 videret

704 1613 859 1685 omnium
888 1614 1163 1709 episcopatuum,
1182 1614 1461 1709 amplitudinum,
1475 1616 1688 1702 officiorum,¹

705 1733 741 1807 in
765 1735 915 1821 Polonia,
941 1738 1158 1810 collationem
1181 1758 1257 1809 esse
1285 1738 1372 1830 juris
1399 1738 1504 1833 regii:
1530 1740 1686 1833 exceptis

705 1853 786 1942 illis,
810 1880 892 1951 qnae
916 1859 994 1949 jura
1025 1871 1142 1931 nostra
1171 1860 1370 1955 specialiter
1395 1859 1440 1931 de
1458 1882 1562 1932 manu
1588 1860 1686 1953 regia

704 1994 922 2054 exemerunt.
941 1983 984 2056 At
999 2006 1120 2056 recens
1137 1993 1264 2055 vestrae
1281 1981 1593 2056 Reverendissimae
1610 1985 1685 2055 Do-

707 2102 924 2191 minationes,
942 2106 1094 2201 potentia
1107 2105 1311 2197 ignobilium
1329 2116 1363 2177 et
1378 2105 1489 2200 plebis
1507 2106 1686 2179 insolentis

707 2226 818 2311 lretae,
829 2228 950 2320 injure
963 2229 1151 2321 majestatis
1167 2230 1364 2314 irruerunt;
1381 2229 1687 2325 dumperseipsas

706 2350 919 2425 clandestine
951 2375 1043 2424 nono
1071 2353 1241 2447 primum,
1278 2352 1313 2421 in
1354 2350 1682 2445 archiepiscopatus,

707 2476 947 2571 episcopatus,
962 2477 1128 2562 initiatae,
1147 2474 1256 2546 titulos
1272 2474 1354 2562 sibi,
1373 2475 1431 2546 alii
1447 2496 1554 2560 vero,
1576 2487 1612 2545 ut
1625 2478 1687 2547 Bo

707 2598 836 2684 reccki,
853 2600 959 2671 etiam
982 2597 1098 2669 vitulos
1114 2599 1344 2692 arripuerunt.
1366 2597 1467 2683 Quod
1477 2610 1571 2669 certe
1584 2620 1685 2670 nemo

706 2721 791 2793 civis
803 2722 927 2807 bonus,
943 2731 981 2793 et
991 2742 1111 2792 amans
1130 2721 1253 2816 patriae
1271 2722 1400 2813 legum,
1421 2721 1561 2793 laudare
1590 2733 1686 2817 potes

707 2843 764 2928 rit,
789 2855 857 2914 tam
883 2854 1040 2937 respectu
1055 2862 1290 2935 personarum,
1319 2862 1422 2935 quam
1449 2854 1607 2937 respectu
1636 2844 1690 2913 rei.

708 2963 824 3058 ipsius.
838 2965 971 3037 Viderit
979 2964 1118 3037 tandem
1130 2967 1252 3037 Vestra
1262 2964 1561 3037 Reverendissima
1571 2966 1690 3037 Domi·

706 3086 814 3173 natio,
833 3111 903 3183 quo
919 3091 1108 3164 deventum
1128 3118 1135 3160 :
1156 3089 1202 3161 ita
1219 3089 1312 3161 enim
1339 3088 1415 3161 haec
1442 3089 1625 3161 insolentia
1652 3089 1687 3158 in

707 3214 814 3285 altum
831 3214 1012 3308 processit.
1024 3224 1061 3285 ut
1074 3212 1172 3309 plebs
1181 3223 1314 3284 vestras
1332 3210 1465 3283 babens
1482 3212 1688 3285 Dominatio

708 3357 770 3407 nes
788 3337 838 3408 sic
864 3337 1005 3423 electas,
1033 3335 1198 3407 audacter
1215 3334 1260 3405 de
1278 3334 1383 3405 rebus
1409 3334 1688 3406 insolentioribus

707 3462 867 3534 meditari
883 3462 1000 3557 coepit.
1020 3461 1244 3534 Nobilitatem
1268 3459 1489 3554 posthabere,
1507 3459 1686 3543 invadere,

707 3585 916 3679 opprimere,
948 3584 1122 3656 trucidare
1154 3606 1161 3649 :
1196 3594 1230 3654 et
1257 3581 1349 3677 quon
1380 3584 1542 3677 amplius,
1561 3606 1686 3683 novam

708 3707 956 3802 rempublicam
981 3707 1094 3779 moliri
1121 3705 1345 3800 usqueadeo,
1368 3706 1587 3798 utsanguine
1601 3706 1687 3799 (rem

708 3827 883 3915 miseram,
902 3829 963 3923 qui
982 3830 1058 3920 ejus
1077 3829 1233 3900 incentor
1250 3826 1352 3898 luerit
1367 3830 1388 3919 l)
1403 3826 1589 3899 christiano
1606 3848 1689 3921 per-

708 3952 774 4023 fusi
795 3951 998 4023 erubuerint
1023 3953 1151 4045 campi,
1179 3951 1261 4045 quia
1285 3949 1446 4023 dominus
1474 3949 1507 4019 in
1532 3950 1690 4022 subditos

709 4073 793 4145 illud
822 4086 960 4148 coactus
976 4075 1116 4145 strinxit
1146 4076 1377 4166 ferrumque
1405 4073 1506 4144 simul
1524 4094 1602 4144 cum
1623 4074 1690 4144 illis

709 4199 853 4293 patriam
876 4198 963 4268 tueri
980 4198 1112 4270 debuit.
1131 4198 1198 4270 Sed
1215 4198 1298 4291 quid
1317 4196 1489 4290 agendum
1507 4197 1686 4290 superfuit,

711 4344 788 4393 cum
805 4321 932 4394 subditi
962 4321 1094 4393 domini
1125 4324 1175 4393 sui
1202 4322 1325 4416 jugum
1341 4318 1540 4392 refractarie
1559 4341 1688 4391 excus—

1896 1222 1898 1263 l

1896 1298 1898 1339 l
