4100 6009
762 937 803 954 -·
820 905 880 968 ltl
904 941 943 954 -

363 1117 447 1207 qum
459 1111 576 1184 ovinum
588 1121 669 1184 sunt
681 1111 839 1206 erigere,
858 1113 1123 1188 aetcrnamvcrc
1135 1119 1240 1191 casin
1256 1141 1341 1214 per-

362 1237 486 1310 nicicm
519 1236 725 1332 propellere,
754 1256 823 1308 non
856 1237 1016 1332 pastoris,
1042 1238 1106 1312 sod
1133 1244 1339 1314 mercenarii

360 1381 439 1432 esse
455 1373 599 1446 rnnnns;
619 1358 884 1432 immo-lanionis
905 1369 941 1432 et
965 1359 1110 1467 latronis
1121 1363 1335 1458 sempiterni.

361 1483 440 1556 Nec
458 1481 591 1554 minore
624 1480 762 1568 adore,
790 1481 953 1574 cultuque
977 1483 1162 1571 sermonis,
1191 1486 1341 1560 notionis

362 1607 523 1680 ruthenae
543 1603 729 1702 principes,
758 1615 949 1700 magnates,
966 1606 1114 1700 equites,
1133 1629 1339 1684 commone-
1436 1641 1441 1650 .

362 1729 455 1804 lacit.
488 1730 612 1824 Utpcle
638 1729 766 1824 quibus
805 1737 930 1800 notura
960 1729 1096 1801 inesset·
1122 1731 1338 1824 generosior,

362 1854 541 1949 majorqne
555 1852 691 1926 honesti
706 1872 745 1924 ac
764 1851 856 1926 utilis
872 1851 1101 1945 dignoscendi
1119 1855 1222 1927 ratio:
1232 1858 1340 1950 quine

360 2001 404 2052 eo
420 1999 499 2052 snas
512 1997 590 2051 cum
606 1978 774 2072 sunguine
791 1976 1037 2072 profunderent
1054 1976 1162 2065 vires,
1182 1990 1224 2051 nt
1235 2003 1345 2076 pares

361 2101 454 2174 inter
483 2095 586 2196 pares
621 2101 818 2172 fruerentur
842 2098 969 2192 patriae
1004 2100 1256 2192 praerogativis.
1291 2101 1340 2174 At

361 2243 446 2298 vero
465 2221 514 2307 id,
528 2221 629 2294 brevi
649 2230 726 2316 post
754 2219 920 2292 alienatos
944 2218 1052 2292 nfide
1078 2237 1162 2292 vern
1187 2223 1334 2311 animos,

360 2351 685 2422 summemutetnm.
698 2343 775 2415 Non
792 2342 901 2436 regim
929 2343 1120 2434 maiestatis
1139 2345 1332 2433 aversione,

361 2490 442 2565 quoe
457 2465 664 2542 audentibus
689 2465 798 2562 paria,
821 2465 933 2538 nescit
957 2464 1107 2537 reddere
1125 2466 1192 2538 nisi
1216 2468 1332 2562 paria,

360 2591 424 2664 sed
436 2599 522 2663 nntn
531 2588 688 2684 ejusqui
702 2589 737 2660 in
751 2588 896 2662 excelsis
904 2588 1072 2678 residens,
1091 2589 1198 2662 corda
1211 2611 1333 2684 regum

360 2714 397 2786 in
414 2734 519 2791 manu
534 2711 674 2802 retinet,
691 2712 903 2806 summisque
915 2711 987 2784 ima
997 2712 1194 2808 permiscet.
1205 2712 1338 2808 dgnus

360 2844 480 2908 cercnt
492 2834 633 2921 malum,
657 2855 863 2927 cansamque
875 2835 970 2906 mali.
987 2832 1178 2908 llxeodem
1196 2837 1338 2910 oraculo

360 2961 422 3033 Dei
447 2959 634 3055 procedere
661 2958 940 3035 benedictionem
962 2969 999 3032 et
1023 2957 1332 3035 meledictionem:

358 3081 462 3166 illem,
482 3081 603 3174 siquis
620 3081 792 3154 mandetis
816 3081 892 3173 ejus
907 3079 1211 3167 obsecundaverit3
1227 3082 1333 3168 hanc,

359 3205 388 3276 si
405 3205 508 3278 abiis
519 3204 715 3278 deflexerit.
731 3203 904 3276 Floruissc
916 3203 1074 3277 Russiam
1087 3206 1123 3276 in
1139 3203 1336 3277 mandatae

361 3329 433 3402 Dec
450 3323 519 3400 dds
536 3354 543 3414 ;
560 3327 720 3400 admissis
748 3323 986 3414 novatoribus,
1010 3327 1199 3420 plurimum
1219 3325 1336 3400 dello-

360 3451 482 3524 ruisse.
499 3451 567 3524 llos
590 3449 695 3544 igitur
715 3448 956 3522 conculcarent
975 3473 984 3534 ;
1004 3447 1111 3520 fidem
1124 3458 1261 3543 patrum
1274 3469 1336 3520 re-

362 3582 552 3659 sumerent,
572 3582 608 3644 et
625 3572 776 3668 pretioso
803 3589 880 3642 eam
896 3569 1048 3644 caritatis
1073 3571 1213 3658 unione,
1230 3570 1338 3644 ioede-

360 3698 425 3770 rati
437 3695 613 3772 catholicis
628 3704 844 3770 coronarent.
864 3694 945 3768 Mox
958 3693 1041 3768 inde
1055 3706 1237 3789 utramque
1251 3716 1338 3791 prc-

359 3820 531 3894 fluxuram
543 3819 652 3894 visuri
671 3816 881 3892 felicitatem.

406 3935 501 4014 Talia
516 3961 564 4014 ex
586 3941 689 4016 Snulo
704 3938 830 4014 Paulus
848 3949 978 4028 noster,
997 3939 1034 4011 in
1048 3941 1143 4013 lcnte
1162 3938 1332 4034 polonico.

360 4061 480 4159 Eidem
496 4061 661 4162 dpclcpioe
676 4083 698 4138 a
711 4085 750 4137 se
770 4062 990 4135 elucubratas
1016 4062 1197 4154 conjunxit
1210 4058 1337 4134 Occsi-

358 4181 535 4260 dcrots'crtca
552 4185 592 4259 ds
604 4183 899 4285 cccc'ds'ffereots'dcs
915 4183 1040 4258 Groeccs
1055 4183 1139 4256 s'utcr
1162 4195 1192 4255 ct
1206 4183 1336 4257 Latinos

356 4303 434 4402 fidei
455 4307 617 4384 orticclis.
646 4311 815 4384 Nimirum
837 4309 881 4382 dc
905 4309 1033 4384 vivifici
1053 4309 1205 4466 Spiritus⁷
1218 4307 1264 4379 ab
1279 4319 1337 4381 ut-
