4100 6009
755 870 918 934 -51-

341 1080 589 1154 Paternitatem
603 1102 672 1153 non
683 1080 808 1175 piguit,
828 1080 1046 1176 poenituitve3
1068 1084 1327 1170 verumetiam,

342 1206 532 1301 postposita
555 1226 617 1277 sua
643 1202 827 1290 Palinodic,
850 1203 982 1298 Spiritu
1001 1205 1121 1276 sancto
1144 1205 1338 1280 instillante-

342 1336 500 1413 exarata,
525 1326 779 1399 maledicentiae
796 1326 1130 1419 suaeeolophonem,
1156 1339 1195 1399 ut
1218 1328 1326 1420 ajunt,

344 1451 546 1547 imposuisse
572 1451 645 1522 visa
669 1460 735 1522 est.
767 1450 879 1523 Nolim
904 1450 978 1545 ipsa
1006 1449 1180 1523 adducere
1205 1452 1340 1539 verha;‹

343 1574 498 1646 recentia
524 1583 605 1645 sunt
634 1601 641 1644 :
669 1574 825 1644 meminit
845 1593 965 1645 eornm
982 1574 1104 1646 Vestra
1125 1576 1328 1662 Paternum,

344 1720 427 1793 quae
445 1698 502 1769 lol.
525 1695 584 1781 tt,
606 1699 665 1782 48,
688 1696 933 1791 theoripserit.
951 1697 993 1767 Et
1006 1696 1180 1790 quomodo
1193 1700 1232 1769 D.
1251 1699 1331 1772 Gre-

345 1823 435 1918 gorii
451 1820 567 1913 Magni
587 1819 700 1903 dieta,
720 1818 952 1913 patriarcham
973 1820 1241 1914 perstringentia
1256 1823 1331 1918 By-

347 1945 546 2031 zantinum,
558 1965 628 2013 non
643 1940 840 2037 pontificem
852 1943 1058 2028 Romanum,
1081 1945 1167 2015 ultra
1180 1955 1332 2016 mentem

347 2066 425 2156 ejus
445 2075 478 2137 et
493 2064 597 2138 fidem
610 2064 998 2153 historicam,‚homines
1015 2065 1107 2135 inter
1115 2065 1332 2160 disperserit?

347 2186 483 2260 iudicet
497 2188 571 2283 ipsa
587 2187 779 2259 Paternitas
792 2189 929 2273 Vestra,
943 2187 1029 2281 quid
1044 2188 1125 2259 lolio
1147 2186 1190 2259 lb
1204 2210 1332 2260 novum

347 2332 427 2382 esse
453 2310 488 2380 in
523 2310 669 2382 ecclesia
698 2311 899 2405 proclamat.
938 2310 1003 2381 Ubi
1035 2310 1139 2381 etiam
1168 2309 1333 2404 quicquid

347 2433 433 2505 boni
449 2444 515 2519 est,
537 2434 646 2507 livido
664 2435 792 2506 lacerat
806 2434 924 2520 dente,
944 2434 1207 2527 genuflexiones
1219 2447 1259 2507 et
1267 2436 1335 2507 alia

348 2556 552 2629 humilitatis
568 2558 678 2651 signa.
703 2557 772 2629 Cur
792 2578 877 2650 ergo
898 2578 961 2629 nos
980 2566 1099 2630 noster
1119 2556 1237 2630 docuit
1253 2560 1345 2632 Sal·-

348 2692 466 2767 vator,
486 2680 579 2776 qnod
594 2681 779 2777 procidens
793 2680 928 2767 orabat,
943 2702 1011 2752 non
1029 2684 1185 2752 erectus?
1197 2682 1346 2775 Ergone·

349 2807 473 2877 Vestra
491 2805 697 2891 paternitas,
724 2804 929 2876 deecclesia
950 2804 1012 2874 Dei
1035 2804 1110 2874 illas
1127 2813 1194 2875 tam
1211 2826 1337 2898 graves

349 2949 435 2999 suas
459 2938 494 2999 et
516 2927 716 3019 frequentes
745 2944 836 2997 cum·
851 2926 1097 3018 genuflexione
1126 2928 1337 2999 exterminat

350 3049 594 3123 adorationes?
607 3048 697 3134 Quid
710 3048 754 3120 ad
768 3046 872 3119 fidem
886 3047 1140 3132 calendarium,
1157 3048 1337 3121 inventum

352 3177 555 3259 humanum,
583 3192 662 3242 cum
687 3193 756 3264 quo
780 3172 816 3242 in
840 3170 991 3242 medium
1016 3172 1173 3266 prosilit?
1189 3173 1283 3267 Ergo
1303 3182 1347 3242 et·

351 3317 418 3368 uos
430 3294 590 3387 sacrilegi
605 3295 702 3380 estis,
721 3294 804 3366 dum
824 3294 890 3365 snb
909 3307 1056 3389 utraque
1074 3296 1338 3389 tantumuspecie

352 3416 1039 3511 unumChristumagnoscitistssaeternm
1052 3415 1087 3486 in
1101 3416 1338 3489 Catbecbismo

353 3563 432 3628 suo,
449 3542 600 3611 lamento
616 3540 664 3612 illi
683 3562 833 3627 annexu,
851 3538 916 3612 suh
929 3561 998 3612 una
1010 3539 1125 3633 specie
1137 3539 1336 3626 infantibus,

353 3680 497 3763 propter
516 3664 778 3752 inhabilitatem,
798 3664 961 3735 distribui
980 3663 1134 3735 mandat.
1156 3661 1260 3747 Quid.
1276 3683 1339 3756 per

354 3795 484 3880 Deum¹¹
499 3788 666 3863 momenti
683 3790 814 3860 conlert
832 3788 890 3859 ille
902 3787 1076 3882 sepulchri
1088 3786 1222 3857 Domini
1234 3786 1335 3881 ignis,

355 3936 427 4011 quo
441 3936 528 4001 cum
539 3923 716 4007 tantopere
732 3912 896 3998 exsultat,
907 3911 1031 4004 dequo
1045 3932 1109 3981 nec
1122 3910 1341 3983 conceditur?

356 4037 623 4122 Reminiscatur,
634 4033 937 4129 qnaesocoltoqnii
949 4032 999 4105 sui
1014 4054 1148 4104 mecum
1161 4030 1226 4103 bae
1238 4052 1348 4126 super¹

357 4159 531 4233 rehabiti.
548 4158 754 4247 Quinetiam
775 4155 1005 4251 frequentatio
1023 4154 1158 4233 illorum
1186 4156 1348 4227 locorum-

357 4283 570 4356 contrarium
585 4279 820 4355 nostraeall'ert
831 4280 974 4352 notitiae.
987 4278 1038 4349 Ea
1051 4277 1212 4349 videlicet
1224 4281 1351 4351 omnia
