4100 6009
852 929 1013 993 ..19-

441 1138 635 1215 nendorum
652 1136 905 1221 exercitationi,
921 1147 957 1207 et
981 1138 1010 1207 si
1029 1158 1111 1229 quse
1129 1138 1163 1205 in
1194 1149 1286 1209 statu
1302 1160 1323 1211 a
1339 1160 1421 1211 veru

443 1262 514 1334 fide
539 1263 653 1336 alieno
680 1260 866 1353 comperiri
885 1270 999 1354 potest
1033 1260 1162 1354 pietati.
1191 1261 1260 1334 Sed
1289 1274 1326 1334 ut
1351 1264 1425 1359 ipsa

443 1385 528 1458 tolia
544 1385 619 1457 sine
637 1383 707 1457 fide
723 1384 861 1479 plaeere
881 1385 953 1455 Deo
972 1406 1043 1455 non
1069 1404 1169 1478 posse
1198 1394 1331 1457 certum
1356 1394 1421 1470 est,

442 1507 493 1579 sic
506 1528 621 1601 neque
634 1506 798 1603 placitum
813 1506 962 1579 reddere
979 1507 1089 1591 illum,
1106 1528 1208 1601 quem
1224 1506 1320 1578 hisee
1338 1530 1428 1602 quo-

444 1624 632 1698 dammodo
653 1626 786 1698 videris
813 1626 1029 1699 adornatum.
1064 1627 1165 1697 Enim
1195 1646 1280 1697 vero
1300 1626 1344 1697 de
1358 1628 1426 1721 piis

444 1748 520 1837 ejus
532 1749 749 1821 extrinsecus
764 1748 1173 1844 operibus‚aliodobitur
1185 1748 1261 1819 loco
1285 1747 1425 1821 dicendi

442 1848 593 1946 oecesioj
604 1874 675 1945 Neo
689 1884 807 1946 tamen
823 1872 918 1947 sileri
931 1872 990 1944 hio
1006 1893 1214 1965 congruum,
1230 1872 1426 1966 quodinsu-

444 2018 508 2090 per
532 1996 638 2070 etiam
654 2007 727 2070 tum
745 1996 852 2069 laude
878 1995 913 2069 in
935 1996 993 2068 illo
1017 1995 1161 2089 dignum
1176 1994 1251 2065 luit.
1274 1995 1421 2081 Etenim,

444 2119 642 2211 psalterium
672 2129 708 2191 et
741 2139 871 2192 novum
889 2128 1133 2204 testamentum
1151 2116 1363 2189 slavonicum
1380 2117 1425 2191 ad

444 2264 597 2333 graeoum
629 2240 757 2328 idioma
781 2241 1005 2327 concinnans,
1034 2240 1270 2326 utlaboriose,
1295 2240 1344 2311 sie
1365 2241 1426 2312 toti

443 2365 540 2457 genti
553 2365 722 2437 Ruthenae
735 2364 888 2459 prolioue
913 2364 1124 2438 reformavit.
1155 2364 1266 2459 Ipsius
1295 2386 1378 2440 cure
1391 2377 1427 2438 el

445 2487 615 2559 industria
630 2488 720 2582 typis
736 2488 867 2561 editum
884 2509 963 2561 oum
981 2488 1086 2559 variis
1102 2487 1222 2560 officiis
1233 2486 1362 2559 divinis
1393 2500 1427 2561 et

446 2610 702 2704 precationibus
714 2610 871 2701 ejusdem
881 2608 1246 2703 liuguaebreviarium.
1259 2608 1428 2699 Adjunxit

446 2732 542 2805 hisce
572 2732 871 2806 lucubrationibus
908 2733 1061 2807 Lexieon
1096 2742 1132 2803 et
1161 2732 1428 2805 Grammationm

447 2852 567 2925 itidem
584 2854 772 2948 slavonica.
795 2855 955 2941 Quinimo
967 2855 1042 2949 ipse
1058 2875 1134 2926 eam
1144 2852 1318 2945 juventuti
1331 2876 1427 2949 prae-

446 2979 542 3071 legit,
559 2980 609 3052 uti
622 3001 762 3074 qnoque
775 2982 900 3053 latinns
914 2991 1007 3052 artes
1020 2978 1254 3053 humaniores.
1283 2978 1320 3047 ln
1338 3000 1427 3051 eon-

447 3100 604 3175 cionibus
635 3103 841 3196 perelegans
864 3115 900 3175 et
923 3106 1150 3199 perfrequens
1177 3100 1355 3174 rutheuioe
1372 3098 1429 3171 di-

448 3220 596 3309 oendis;
643 3224 678 3294 in
717 3225 877 3298 sodalitio
922 3225 1088 3299 nobilium
1135 3222 1335 3315 civiumque
1383 3220 1428 3293 ad

449 3344 608 3438 pietatem
634 3368 732 3420 suam
756 3348 957 3421 excolendo·
988 3368 1155 3441 perquem
1185 3343 1354 3417 assiduus.
1387 3344 1430 3413 Et

447 3464 617 3558 quidquid
642 3469 758 3545 innota
775 3468 872 3556 fidei,
890 3480 929 3543 ut
952 3469 1085 3555 dieunt,
1101 3466 1230 3539 veteris
1257 3462 1429 3558 zelotypia

447 3586 603 3681 flugitare
629 3591 676 3664 ab
702 3593 760 3665 illo
788 3604 936 3687 poterat,
967 3614 1139 3687 generose
1156 3599 1342 3663 exsecutus
1357 3599 1422 3661 est.

448 3710 621 3795 Quantum
647 3737 731 3789 vero
752 3717 849 3789 hisce
863 3717 986 3792 studiis
1000 3717 1164 3813 populum
1178 3713 1244 3787 sibi
1258 3712 1428 3786 devinxe-

450 3834 508 3919 rit,
527 3835 666 3911 diffieile
680 3838 789 3913 dictu.
807 3842 906 3914 lllum
919 3840 1100 3933 religionis
1119 3848 1282 3923 tutorem,
1299 3858 1430 3936 propa-

449 3963 605 4045 gatorem
626 3957 723 4047 fidei,
747 3963 970 4037 orthodoxiae
983 3962 1177 4056 genitorem
1194 3957 1323 4038 dicere.
1344 3958 1431 4035 Pro-

450 4073 613 4151 deuutem
641 4082 820 4175 quopiam,
852 4084 1048 4180 frequentia
1078 4080 1252 4167 comitari,
1287 4079 1429 4155 honoris

449 4202 609 4273 venerari
624 4204 813 4298 obsequiis,
831 4209 967 4303 pietatis
985 4206 1213 4281 favoribusao
1229 4204 1431 4277 muneribus

451 4324 624 4415 prosequi,
639 4323 749 4401 debiti
762 4344 847 4405 eru.
