4100 6009
1118 918 1281 981 ..68-

711 1138 860 1214 teretur;
880 1125 960 1198 fidei
974 1127 1221 1222 professionem
1239 1127 1378 1200 omnino
1394 1127 1584 1211 omitterct;
1601 1136 1636 1197 et
1656 1138 1695 1199 ut

710 1253 858 1325 alacrius
873 1252 1058 1337 emitteret,
1085 1252 1237 1347 seipsum
1261 1252 1477 1345 praeiturum.
1506 1250 1616 1335 Quam
1634 1249 1695 1323 ubi

709 1398 813 1448 manu
825 1396 888 1447 sua
900 1375 1065 1475 munitam
1075 1374 1142 1446 sibi
1154 1373 1343 1446 traditurus
1357 1368 1486 1458 luisset,
1503 1372 1693 1445 absolutio·

708 1518 788 1569 nem
815 1518 835 1568 a
864 1496 1055 1569 schismatis
1087 1495 1245 1581 vinculo,
1282 1495 1507 1590 censurisqne
1535 1494 1694 1567 ecclesiae

708 1631 940 1715 accepturum.
972 1620 1044 1692 Nec
1071 1628 1267 1707 recusaret,
1300 1618 1530 1692 conditionate
1551 1618 1689 1705 saltem,

708 1744 744 1814 in
769 1743 934 1838 gradibus
948 1752 1056 1817 status
1084 1742 1151 1831 sui,
1181 1752 1322 1839 propter
1350 1754 1420 1815 tam
1448 1762 1576 1837 graves
1591 1742 1693 1815 ducis

709 1867 871 1953 rationes,
887 1866 1026 1937 initiari.

757 1988 1129 2073 lntereaSmotriscius,
1144 1987 1189 2059 de
1203 1989 1381 2061 voluntate
1389 1988 1518 2061 Rutscii
1530 1986 1687 2072 edoctus

707 2131 774 2182 non
788 2111 935 2183 alacrior
947 2110 1065 2198 modo,
1080 2110 1141 2182 sed
1158 2111 1261 2183 etiam
1274 2111 1388 2185 animo
1405 2110 1507 2202 longe
1524 2108 1687 2204 quietior,

707 2233 862 2306 Kioviam
879 2235 1067 2321 concessit;
1096 2232 1155 2305 nbi
1175 2233 1257 2305 dum
1274 2234 1377 2305 rebus
1390 2232 1462 2305 suis
1483 2254 1562 2304 cum
1576 2234 1691 2303 fructu

708 2359 843 2431 unionis
857 2358 1023 2431 incumbit
1036 2357 1256 2453 peragendis,
1277 2365 1469 2429 conventus
1485 2357 1691 2453 episcopalis

707 2480 869 2555 llioviaea
880 2482 1043 2555 Boreccio
1055 2481 1318 2576 metropolitano
1334 2502 1397 2575 pro
1408 2480 1523 2553 Natali
1537 2479 1690 2573 Virginis

707 2602 789 2675 anni
812 2601 968 2693 ejusdem
992 2602 1206 2689 instituendi,
1222 2623 1302 2673 cum
1316 2602 1391 2673 aliis
1410 2610 1533 2673 auctor
1551 2603 1625 2673 fuit.
1645 2602 1687 2673 Et

707 2737 783 2820 post
809 2728 933 2798 lestnm
961 2726 1191 2799 Snnctissimae
1218 2724 1353 2797 Triadis
1380 2726 1539 2797 Dubnam
1565 2746 1688 2798 versus

707 2848 887 2920 remeavit.

754 2968 870 3065 Atque
893 2971 950 3043 hic
972 2970 1113 3066 incipiet
1137 2969 1348 3057 Smotriscii‚
1383 2979 1460 3066 post
1490 2970 1637 3067 primam
1664 2992 1686 3045 a

706 3092 777 3164 Deo
807 3090 996 3165 aversionis
1024 3091 1083 3163 via
1121 3092 1357 3165 conversionis
1386 3092 1508 3178 altera,
1537 3114 1686 3188 quanm

704 3232 857 3307 quoque,
891 3214 953 3287 ubi
978 3236 1042 3311 per
1070 3216 1217 3309 primam
1242 3225 1278 3287 et
1309 3214 1686 3305 ieliccsejnsaccessus

706 3335 751 3409 ud
763 3337 907 3410 alteram
923 3336 1167 3426 decurrissem,
1186 3360 1429 3434 processurum
1442 3336 1682 3434 promiseram,

707 3466 834 3531 utcnm
856 3481 934 3532 cum
961 3461 1172 3555 persimilem
1198 3458 1450 3533 declaraverim
1479 3460 1595 3547 Sunio,
1615 3478 1685 3531 non
1807 3542 1814 3555 ,

704 3580 903 3655 dissimilem
917 3585 1021 3658 etiam
1038 3594 1304 3658 commonstrem
1319 3584 1436 3657 Paulo.

931 4052 1451 4113 ..w-..-
