4100 6009
1088 931 1272 996 -ttt-

693 1145 727 1215 in
745 1162 806 1214 suo
821 1143 946 1238 quippe
967 1140 1102 1236 obstipo
1128 1139 1318 1236 proposito,
1334 1159 1376 1212 ec
1395 1161 1504 1234 usque
1519 1160 1588 1212 non
1599 1142 1673 1214 vit·
1721 1105 1723 1107 ’

691 1286 813 1338 nenses
829 1263 946 1353 modo,
964 1263 1027 1336 sed
1049 1262 1203 1336 universi
1217 1283 1356 1358 quoque
1369 1261 1578 1336 schismatici
1590 1284 1674 1358 per-

691 1409 860 1476 mansere,
880 1390 1056 1482 multaque
1074 1387 1165 1460 maia
1192 1386 1316 1482 patrias
1334 1397 1371 1459 et
1386 1386 1508 1460 unioni
1523 1386 1666 1460 dedere.

919 1677 1439 1738 *QLWQW-

1071 2007 1196 2075 catut
1211 2007 1279 2075 vtl.

688 2309 822 2348 ΙΙΙΙΤΙΑΝΙ
835 2309 948 2344 mimi}
959 2306 1093 2342 ΑΚΠΜΝΙ
1105 2305 1239 2351 Momm,
1258 2307 1302 2342 tstt
1315 2307 1449 2343 mmsis.
1463 2307 1565 2342 ”Mnus
1575 2305 1670 2342 {lomi

1102 2393 1260 2431 mmm!-

735 2883 869 2955 lnteraa
886 2879 1019 2952 Kioviae
1039 2877 1179 2974 quidam
1199 2877 1387 2950 monachus
1399 2877 1507 2965 Gizci‚
1522 2883 1667 2953 saxoni-

686 3028 804 3079 carum
825 3004 1079 3076 academiarum
1106 3000 1292 3088 studiosus,
1319 3011 1479 3095 totusque
1505 2997 1665 3090 Socinus,

686 3129 791 3200 immo
804 3127 927 3199 Sccino
943 3125 1147 3197 virulenttor
1167 3123 1366 3210 hereticus,
1385 3121 1548 3222 Apothioe
1561 3125 1666 3197 Sme-

685 3249 793 3327 triscii
810 3251 1014 3345 impressum
1039 3247 1200 3343 opposuit
1216 3243 1418 3318 Antidotum.
1438 3247 1476 3318 ln
1501 3269 1571 3342 quo
1591 3259 1667 3322 esto

685 3372 765 3458 alia,
790 3369 1004 3467 potissimum
1023 3365 1300 3440 considerationes
1315 3367 1499 3440 Smetris'cii
1519 3368 1565 3441 de
1588 3367 1668 3463 Spi-

685 3497 752 3570 ritu
769 3505 888 3568 sancto
900 3515 922 3567 a
935 3495 1035 3566 Patre
1051 3503 1088 3566 et
1102 3493 1188 3565 Filio
1210 3491 1435 3590 procedente,
1456 3494 1668 3590 deprimam

684 3615 857 3712 pontificis
873 3615 1018 3702 romani,
1034 3615 1079 3688 de
1087 3616 1299 3712 purgatorio,
1315 3615 1360 3688 de
1374 3637 1463 3711 pane
1475 3635 1611 3712 azymo,
1621 3615 1666 3688 de

684 3739 877 3812 animarum
892 3739 1049 3834 praemiis
1063 3749 1098 3812 et
1121 3738 1233 3834 poenis
1251 3739 1391 3810 aeternis
1410 3747 1664 3834 postmortem,

684 3860 730 3936 de
745 3861 984 3934 communione
997 3859 1062 3932 suh
1079 3881 1149 3933 una
1165 3861 1294 3957 specie,
1304 3861 1484 3956 plusquam
1500 3860 1666 3934 haeretico

684 3983 901 4078 impugnavit
914 3980 1027 4056 modo.
1042 3983 1090 4055 At
1102 3981 1318 4055 Smotriscius
1333 3981 1368 4052 in
1382 4004 1463 4054 eum
1472 3987 1584 4055 annot
1595 3983 1666 4056 629

684 4103 872 4179 Eceticsim
893 4106 1096 4201 conscripsit
1130 4106 1370 4200 vulgavitque,
1406 4104 1467 4178 ubi
1495 4124 1604 4177 novas
1630 4113 1667 4176 et

685 4249 793 4302 novas
803 4229 951 4301 auctoris
965 4229 1119 4302 haereses
1131 4230 1195 4302 toti
1218 4229 1344 4324 polono
1357 4228 1561 4300 monstravit
1572 4227 1662 4314 orbi,

685 4349 986 4446 schismaticosque
1012 4350 1101 4426 adeo
1121 4353 1260 4448 pressit,
1279 4364 1317 4425 ut
1329 4351 1454 4425 cossui
1469 4347 1618 4422 Antidoti
1629 4362 1665 4422 et
