4100 6009
701 1014 791 1086 nima
805 1013 886 1086 inest
903 1010 952 1083 vis
965 1022 993 1082 et
1000 1007 1129 1107 pontis
1137 1036 1147 1095 ;
1163 1007 1239 1081 adea
1251 1022 1287 1082 ut
1300 1036 1362 1082 nou
1372 1010 1467 1109 facile
1479 1012 1681 1111 reperiantur

704 1163 782 1237 libri
797 1161 913 1261 quibus
925 1160 1201 1236 orthodoxorum
1210 1162 1255 1255 (ut
1271 1186 1321 1233 eos
1335 1160 1460 1233 nemim
1477 1158 1559 1259 quad
1570 1174 1682 1233 aurant

700 1308 886 1407 sipnifieem)
906 1331 1030 1381 errares
1050 1320 1079 1380 et
1101 1305 1269 1379 obstinatia
1294 1305 1504 1380 convellamur
1526 1306 1631 1406 mapis
1652 1322 1681 1380 et

698 1453 886 1527 diruantur.
906 1456 1022 1528 Verum
1037 1450 1154 1527 accedet
1168 1452 1215 1525 eis
1232 1452 1341 1551 (firma
1356 1452 1420 1527 lem
1432 1478 1500 1527 mea
1513 1452 1682 1551 persuasio

698 1602 754 1695 est)
770 1599 948 1700 sinpularis
968 1599 1155 1686 auctoritas,
1178 1598 1208 1671 si
1229 1586 1397 1697 scriptoris
1414 1601 1481 1673 nita
1509 1600 1582 1673 bene
1595 1624 1681 1696 per-

698 1764 802 1845 specta
820 1748 876 1821 sit.
895 1745 1058 1847 Equidem
1075 1746 1274 1820 lineamentis
1289 1748 1411 1867 aliquot
1427 1772 1496 1819 eam
1513 1745 1681 1847 desipnavi

699 1895 791 1967 initio
799 1894 923 1992 prieris
935 1894 1027 1967 illius
1042 1893 1204 1991 opuseuli3
1220 1892 1275 1967 secl
1293 1893 1326 1989 lri
1341 1920 1438 1993 neque
1451 1895 1555 1967 nativi
1564 1892 1681 1967 salares

700 2056 784 2128 suut,
798 2066 896 2140 neque
907 2053 1007 2113 tatum
1020 2040 1186 2128 lamisem,
1199 2053 1340 2139 quantus
1356 2053 1414 2128 est,
1435 2054 1676 2139 repraesentant.

698 2188 838 2263 Prodeat
852 2190 957 2290 itaque
971 2190 1073 2262 denuo
1087 2189 1122 2263 in
1134 2189 1232 2263 luaem
1244 2189 1371 2263 Saulus
1383 2187 1437 2261 ille
1449 2190 1642 2275 Rulhsnum
1659 2214 1680 2260 a

699 2338 812 2411 Jaaalo
853 2338 959 2413 Susza
1001 2338 1190 2435 descriptus,
1233 2339 1325 2435 eujus
1364 2336 1566 2433 euemplaria
1598 2362 1680 2409 anna

702 2488 798 2560 4665
816 2486 905 2586 typis
921 2464 1075 2583 enprmsa
1098 2485 1254 2573 rapiaris,
1279 2497 1346 2557 tam
1359 2484 1574 2585 infrequentia
1594 2485 1681 2582 sueta

700 2646 787 2719 suut,
808 2646 846 2705 ut
865 2656 936 2704 eum
954 2632 1097 2705 uenalem
1114 2633 1286 2730 repererim
1300 2658 1484 2731 numquam,
1502 2648 1532 2706 et
1546 2647 1583 2707 ut
1600 2632 1680 2706 lane

699 2804 813 2864 navam
827 2778 998 2851 editionem
1008 2803 1131 2875 parare
1146 2804 1207 2851 nan
1222 2778 1382 2875 patuerim
1396 2778 1463 2852 uisi
1478 2805 1521 2851 en
1535 2802 1680 2875 apapre-

696 2931 770 3030 pla,
780 2925 864 3029 quod
878 2925 1035 3023 laseplrus
1042 2928 1174 3013 Brenn,
1184 2926 1339 3001 sacietatis
1353 2942 1471 3001 nostra
1484 2926 1590 3015 (lesus,
1599 2926 1680 2999 mili

697 3102 739 3149 m
747 3076 839 3162 lilra,
848 3074 905 3173 qui
919 3076 954 3147 in
966 3073 1151 3147 bibliotheca
1164 3074 1374 3149 Ossaliniuna
1388 3072 1559 3171 dilipenter
1571 3098 1680 3147 asser-

696 3238 804 3309 vatur,
829 3222 904 3321 fieri
920 3222 1008 3321 serit.
1030 3223 1120 3313 Quas
1139 3248 1226 3297 meas
1241 3248 1348 3309 auras,
1366 3220 1591 3295 illustrissime
1606 3221 1679 3293 Da-

698 3372 792 3459 miue,
817 3369 888 3443 Tibi
904 3369 1041 3467 probari
1061 3368 1189 3470 confido.
1213 3372 1388 3469 Postquam
1410 3368 1496 3440 euim
1520 3369 1680 3469 eprepiam

695 3516 979 3591 eoeksiarutlrenoe
994 3519 1129 3605 vineam,
1139 3521 1281 3617 quamB.
1290 3518 1444 3615 lasaplrat
1456 3519 1612 3617 sanquine
1623 3544 1679 3591 suo

696 3678 726 3735 et
733 3662 939 3738 Smatrisrius
950 3666 1119 3738 sudoribus
1134 3666 1328 3762 ripauerunt,
1338 3669 1583 3741 exterminavit
1596 3688 1680 3762 sper

699 3816 838 3889 desilva
854 3824 890 3885 et
910 3813 1093 3908 singularis
1107 3814 1200 3885 serus
1216 3812 1378 3908 depastus
1392 3828 1444 3889 est
1456 3815 1678 3913 eum‚inte9ra

698 3970 803 4030 tamen
812 3960 968 4033 remansit
976 3958 1154 4057 provincia,
1171 3959 1222 4032 eui
1237 3958 1394 4055 presides
1403 3989 1413 4046 ;
1430 3975 1523 4059 atque
1538 3962 1584 4032 Tu
1599 3962 1675 4058 ipse,

699 4106 828 4205 quinon
844 4106 911 4178 sine
927 4107 1072 4179 lacrimis
1084 4122 1222 4203 strapem
1235 4108 1327 4179 illam
1343 4133 1364 4179 a
1377 4110 1547 4208 lonqinquo
1559 4110 1681 4181 intueri

695 4254 1678 4356 potuistinepueuumrecordaripotes,tantaproevarieationis
