4100 6009
796 930 961 995 -33-

389 1148 532 1219 luissent
562 1142 691 1215 obices.
712 1137 864 1211 Tandem
887 1138 923 1208 in
940 1137 1158 1209 Palaestinam
1176 1135 1320 1221 abiisse;
1336 1144 1370 1207 et

388 1288 579 1353 reversum,
604 1276 642 1336 ut
657 1263 779 1336 eadem
796 1282 900 1356 super
918 1282 956 1331 re
971 1260 1156 1345 conterret,
1172 1270 1269 1355 peste
1285 1280 1370 1354 pro·

389 1387 548 1459 bibitum.
1122 1392 1127 1400 '

437 1510 586 1583 Proinde
608 1518 703 1580 tanta
721 1508 922 1603 opinionum
953 1505 1167 1599 discerptum
1193 1507 1369 1601 farragine

388 1633 434 1705 ad
446 1632 607 1705 eumdem
619 1632 748 1725 scripto
765 1650 921 1702 remeare
941 1651 949 1694 ε
972 1640 1011 1700 ut
1024 1626 1235 1723 quandoque
1253 1628 1293 1701 iis
1307 1650 1370 1701 ex·

387 1756 544 1840 tricetur,
566 1764 601 1825 et
625 1752 709 1846 quid
724 1750 939 1846 sequendum
965 1752 1068 1836 foret,
1087 1750 1279 1822 erudiatur.
1299 1752 1370 1822 Po-

390 1880 559 1953 tissimum
583 1875 628 1948 de
651 1875 730 1962 iltis,
756 1898 838 1969 quae
866 1875 941 1966 ejus
969 1886 1175 1946 memoraret
1200 1874 1369 1969 epistola:

391 2016 506 2076 utrum
531 2001 695 2075 videlicet
722 2022 876 2084 servum,
906 2021 952 2070 an
982 2000 1131 2071 liberum
1160 2011 1251 2071 esset
1275 1999 1373 2071 arbi-

389 2126 518 2197 trium?
537 2123 621 2219 quid
638 2123 682 2194 de
695 2122 857 2216 originali
873 2132 909 2192 et
929 2122 1056 2192 actuali
1077 2131 1230 2215 peccato,
1247 2116 1371 2212 gratia,

391 2246 474 2333 fide,
501 2244 766 2337 justificatione,
799 2243 982 2339 operibus,
1016 2241 1246 2336 providentia,
1277 2264 1374 2337 prae-

389 2368 546 2453 scientia,
580 2366 909 2461 praedestinatione,
945 2363 1105 2448 ecclesia,
1135 2364 1373 2450 sacramentis,

390 2490 576 2584 scriptura,
599 2488 857 2575 traditionibus,
873 2498 1035 2582 statuque
1064 2487 1145 2558 hinc
1173 2488 1374 2560 exeuntium

391 2614 582 2686 animarum
596 2613 842 2685 sentiendum?
854 2611 909 2683 An
930 2611 1143 2683 Tridentinae
1163 2612 1308 2706 synodo,
1330 2635 1374 2684 an

391 2734 599 2808 adversariis
615 2735 930 2807 subscribendum?
954 2735 1038 2806 Cum
1056 2736 1150 2805 enim
1161 2735 1237 2825 ejus
1251 2734 1375 2808 adstri-

392 2870 483 2930 ctam
494 2857 821 2950 obsequioRussiam
831 2878 949 2927 carere
958 2867 1055 2928 certa
1063 2868 1176 2929 nosset
1188 2858 1373 2945 catechesi,

392 2982 556 3077 seipsum,
569 2982 639 3051 Deo
651 2980 822 3071 adjutore,
834 3002 911 3051 eam
925 2980 1145 3052 contexuisse
1159 2991 1194 3053 et
1209 2981 1375 3053 Constan-

393 3103 537 3197 tinopoli
554 3102 729 3174 habuisse.
749 3103 837 3188 Quia
861 3113 975 3173 tamen
1006 3103 1081 3192 cJus
1110 3102 1276 3197 dispectio
1307 3126 1375 3176 non

395 3228 497 3297 unius
513 3226 693 3298 dieicsset
708 3247 807 3320 opus,
825 3235 859 3297 et
885 3225 981 3297 varia
999 3224 1275 3319 praepedimenta
1291 3227 1378 3299 luis-

394 3359 483 3433 sent,
506 3368 725 3443 nequaquam
754 3347 819 3441 ipsi
848 3355 1039 3417 monstrare
1066 3347 1227 3439 potuisse.
1249 3349 1376 3421 Verum

392 3495 436 3545 ea
450 3475 608 3570 pluribus
623 3473 871 3558 innotescente,
895 3470 957 3565 qui
969 3470 1107 3541 extradi
1125 3471 1315 3559 stimulent,
1343 3484 1377 3545 et

394 3608 534 3691 propter
547 3598 735 3667 Lomentum
747 3618 848 3668 suum
862 3591 1055 3667 haeresibus
1067 3603 1217 3681 scatens,
1233 3594 1377 3690 adquae

395 3716 608 3791 revocandas
623 3716 907 3811 damnandaeque
928 3716 1140 3788 conscientia
1160 3716 1374 3809 adigeretur,

394 3864 524 3937 cupere
539 3864 578 3914 sc
590 3842 666 3935 ejus
682 3842 887 3915 auctoritate
911 3842 946 3912 in
963 3842 1161 3914 memoratis
1176 3840 1258 3914 fidei
1274 3842 1379 3917 rebus

395 3963 580 4038 certificari
596 3993 605 4052 ;
624 3966 673 4037 uti
686 3966 790 4038 etiam
807 3965 842 4036 in
857 3966 924 4036 illis
938 3988 1018 4059 quae
1036 3964 1238 4036 orientalem
1255 3965 1300 4036 ab
1315 3987 1379 4039 oo-

395 4086 560 4160 cideutali
585 4089 621 4159 in
634 4088 711 4163 haec
727 4110 836 4181 usque
861 4097 1018 4183 tempora
1035 4086 1162 4159 misere
1183 4086 1380 4160 scinderent

395 4210 578 4283 ecclesiam
596 4239 602 4282 :
623 4212 787 4284 videlicet
812 4212 845 4282 in
870 4212 1088 4306 processione
1107 4211 1250 4305 spiritus
1264 4209 1379 4283 Sancti

397 4346 432 4407 et
460 4335 591 4417 aFilio,
621 4335 656 4406 iu
687 4336 898 4429 purgatorio,
918 4343 1006 4429 pane
1022 4356 1157 4431 azymo,
1186 4335 1378 4408 animarum
