4100 6009
819 995 982 1063 „n-

411 1230 487 1279 rum
498 1208 663 1279 Dominus
670 1207 810 1294 cadere3
827 1207 1022 1279 neclcviter
1032 1206 1140 1301 ipsam
1151 1203 1258 1279 solam
1266 1203 1392 1281 cadere

409 1330 578 1427 permisit.
608 1330 654 1400 At
679 1330 867 1402 humanum
883 1343 937 1402 eat
961 1329 1044 1401 labi.
1071 1330 1392 1407 verumenimvero

408 1479 472 1530 suo
488 1458 587 1551 lapsu
606 1454 733 1527 allecte
752 1455 887 1550 lapsum
908 1453 1078 1551 pluribus,
1098 1467 1134 1527 et
1152 1477 1315 1549 magnum
1333 1448 1394 1527 ai-

408 1582 503 1652 tecre
524 1579 657 1673 lapsum
680 1600 750 1651 non
772 1590 825 1652 est
842 1578 965 1651 leviter
979 1579 1119 1651 cadere.
1143 1578 1301 1652 Asseruit
1322 1600 1392 1651 non

411 1722 515 1774 namo
535 1698 600 1773 :Si
617 1698 742 1786 cadam,
763 1699 838 1771 calc
856 1696 1004 1771 cecidisse
1021 1699 1131 1773 velim.
1158 1699 1289 1773 Eodem
1311 1722 1396 1773 sane

412 1828 523 1921 lapsu,
549 1834 585 1896 et
610 1823 684 1917 ipsa
711 1822 833 1895 Vestra
858 1822 1051 1896 Paternitas
1073 1822 1198 1896 cecidit
1220 1834 1256 1896 et
1272 1824 1396 1897 multae

411 1946 459 2019 de
487 1946 584 2019 caelis
608 1947 720 2018 stellae
753 1944 924 2018 cecidere.
962 1946 1049 2031 Quae
1085 1944 1120 2016 in
1153 1956 1272 2018 sancta
1315 1947 1395 2041 pri*

409 2090 504 2141 mum
520 2069 666 2140 ecclesia
684 2088 746 2162 per
763 2068 909 2161 gratiam
923 2067 986 2138 Dei
1004 2066 1196 2163 meritaque
1222 2069 1395 2162 Unigeniti

410 2192 497 2283 ejus,
512 2190 670 2264 doctrina
689 2210 773 2261 vera
794 2202 831 2262 et
847 2188 1013 2285 operibus
1031 2189 1103 2261 suis
1120 2190 1238 2261 lucere
1258 2189 1397 2263 debue-

412 2322 511 2399 runt3
537 2324 610 2385 tum
630 2312 773 2384 demum
789 2312 825 2383 in
849 2313 922 2384 vita
938 2322 1071 2384 aeterna
1089 2311 1165 2384 illos
1182 2310 1397 2385 felicissimos

410 2437 490 2510 ceti
507 2438 650 2509 l-hmnos
677 2436 873 2531 possideam
902 2436 967 2509 sed
994 2436 1076 2533 quia
1097 2437 1237 2532 scriptis
1259 2440 1396 2511 Vestrae

412 2556 728 2630 Reverendissimae
752 2557 971 2630 Paternitatis
985 2558 1167 2630 ecclesiam
1189 2558 1397 2631 catholicam

412 2679 602 2751 Romanam
620 2700 764 2751 exosam
792 2679 860 2753 sibi
883 2683 1008 2753 iactam
1039 2692 1335 2777 contempserunt,
1361 2682 1397 2754 in

412 2802 577 2875 tenebras
590 2801 750 2897 perfidiae
761 2802 936 2876 abierunt.

452 2926 822 3020 «Dequibusevadere
833 2927 1023 3022 (praecipue
1032 2925 1397 3022 rudioribus,qu0rum

413 3050 450 3123 in
469 3049 633 3123 cordibus
653 3052 894 3125 florentissima
910 3073 1032 3125 eorum
1054 3052 1162 3124 verba
1192 3052 1397 3148 scriptorum

412 3176 501 3247 altas
515 3194 620 3268 egere
637 3174 797 3269 radices),
823 3176 932 3271 ipsius
960 3185 1014 3247 est
1035 3198 1122 3270 opus
1141 3174 1319 3249 Altissimi.
1340 3178 1397 3249 Di·
1468 3169 1474 3183 '

412 3296 543 3369 vinitas
559 3296 727 3392 inspirata
743 3297 1226 3394 Scripturadepraedicatcos,
1241 3300 1299 3393 qai
1314 3300 1400 3375 alios

410 3417 577 3490 erudiunt
606 3417 653 3489 ad
680 3418 870 3509 justitiam
902 3422 1056 3513 foreque,
1083 3419 1145 3504 ait,
1171 3432 1208 3487 ut
1225 3418 1349 3492 luceant
1362 3420 1397 3495 in

409 3555 582 3639 perpetuas
604 3542 816 3615 eternitates.
837 3544 928 3630 Quid
944 3565 1029 3616 vero
1046 3542 1266 3615 sentiendum
1284 3542 1329 3618 dc
1344 3546 1396 3635 iis,

411 3664 474 3758 qui
490 3663 655 3737 erudiunt
676 3664 722 3737 ad
737 3665 965 3757 injustitiam?
992 3664 1107 3737 Edicit
1119 3664 1273 3759 quidam,
1304 3678 1401 3741 tanto

415 3786 528 3877 majus
545 3808 624 3859 mse
651 3799 846 3883 peccatum,
879 3798 1008 3882 quanto
1034 3788 1160 3878 major,
1185 3788 1246 3882 qui
1264 3800 1398 3885 peccat,

416 3908 564 3982 habetur
584 3933 591 3976 :
612 3910 735 3983 crescit
747 3912 842 3983 enim
856 3910 976 3984 delicti
995 3912 1167 3997 cumulus,
1184 3910 1285 4002 juxta
1302 3912 1402 3985 ordi-

415 4054 494 4104 nem
508 4031 725 4105 meritorum.
756 4036 799 4106 Et
816 4056 912 4130 saepe
927 4034 1023 4128 quod
1041 4034 1233 4106 minoribus
1247 4033 1403 4127 ignosci-

417 4166 492 4238 tur,
529 4153 718 4245 majoribus
752 4158 970 4251 imputatur;
1003 4156 1175 4252 siquidem
1206 4156 1316 4247 major
1350 4168 1403 4229 est

415 4275 529 4369 culpa,
549 4276 729 4349 manifeste
746 4299 849 4372 quam
867 4280 1002 4350 occulte
1032 4300 1185 4371 peccare.
1214 4277 1403 4371 Dupliciter

415 4397 506 4469 enim
525 4421 605 4471 reus
632 4410 698 4487 est,
717 4400 778 4495 qui
808 4412 929 4497 aperte
950 4385 1128 4495 'delinquit
1150 4426 1156 4469 :
1185 4400 1266 4493 quia
1282 4412 1314 4471 ct
1333 4400 1403 4493 agit
