4100 6009
1081 918 1245 983 ..qq-

671 1124 742 1194 vita
756 1122 869 1214 longa,
893 1123 987 1195 salus
999 1122 1177 1208 contiuua,
1197 1123 1370 1218 opulentia
1387 1123 1421 1194 in
1446 1125 1561 1213 robus,
1585 1127 1655 1197 lae-

669 1245 829 1318 conditas
860 1246 895 1320 in
929 1245 1134 1341 propagine,
1166 1246 1396 1341 tranquillitas
1430 1249 1465 1320 iu
1493 1249 1659 1323 diuturna

672 1390 770 1462 pace,
784 1380 820 1440 et
833 1380 1040 1441 tamencum
1055 1370 1091 1440 in
1104 1368 1219 1465 seipso
1233 1369 1385 1458 floreret,
1398 1372 1470 1463 jum
1485 1372 1520 1443 iu
1537 1394 1658 1444 eorum

671 1492 836 1566 eordibus
847 1504 1000 1566 aruerat.
1019 1494 1108 1566 Eooe
1119 1495 1192 1584 jam
1210 1494 1245 1565 in
1259 1494 1374 1589 seipso
1388 1495 1538 1568 muudus
1550 1496 1653 1581 aruit,

654 1630 706 1699 et
727 1618 842 1690 adbuc
865 1618 900 1688 iu
921 1616 1049 1689 nostris
1069 1616 1234 1690 cordibus
1255 1616 1368 1690 floret.
1388 1617 1524 1714 Ubique
1547 1642 1651 1707 mors,

674 1739 802 1834 ubique
820 1741 945 1827 luctus,
970 1738 1100 1835 ubique
1116 1739 1296 1813 desolat-lo.
1319 1740 1479 1835 Undique
1498 1738 1655 1836 pereuti-

674 1885 764 1949 mur,
805 1862 956 1956 undique
989 1862 1221 1935 amaritudine
1251 1842 1444 1959 replemur3
1476 1873 1511 1937 et
1541 1872 1653 1937 tamen

672 2008 767 2062 oaeoa
778 1996 894 2060 mente
909 1986 1161 2060 amaritudines
1178 1988 1253 2079 eius
1265 2009 1434 2060 amamus.
1451 1988 1654 2081 Fugientem

673 2112 862 2206 sequimur,
876 2108 1005 2183 labenti
1020 2110 1245 2183 inhaeremus.
1263 2112 1306 2183 Et
1318 2110 1401 2205 quia
1416 2110 1590 2183 labentem
1603 2130 1656 2181 re·

675 2236 786 2307 tinere
815 2257 886 2307 non
915 2255 1111 2329 possumus,
1139 2256 1218 2307 oum
1253 2236 1327 2329 ipso
1358 2234 1521 2322 labimur,
1555 2256 1657 2331 quem

674 2356 855 2429 cadentem
882 2367 1051 2429 tenemus.
1083 2355 1230 2442 Quando
1258 2356 1418 2447 majestas
1450 2364 1583 2429 aeterna
1613 2353 1659 2426 de

674 2479 762 2552 oaelo
783 2489 904 2551 sancto
925 2500 989 2550 suo
1009 2500 1073 2551 nos
1099 2490 1211 2565 vocat,
1237 2498 1461 2575 properemus
1488 2504 1496 2547 :
1520 2476 1660 2569 quando

676 2600 1660 2701 passasextenditmauusmurramm,immovelemus.Ne

675 2740 794 2824 postea
818 2727 947 2800 dixerit
979 2754 986 2797 :
1018 2726 1179 2813 Voculam,
1206 2726 1356 2809 renuisti5
1384 2721 1480 2807 volui,
1507 2719 1660 2803 uoluisti,·

673 2876 746 2921 eom
764 2849 863 2920 etium
887 2847 979 2931 volet,
997 2872 1053 2943 eqo
1073 2848 1190 2933 oolam,
1213 2862 1242 2921 et
1259 2847 1295 2919 io
1312 2844 1444 2917 interito
1466 2838 1573 2915 ridebo
1592 2855 1655 2913 tuo.

675 2968 831 3042 Perbelle
857 2969 1032 3058 hominem
1057 2970 1253 3042 Bernardue
1280 2968 1466 3063 alloquitur
1492 2993 1498 3036 :
1526 2976 1659 3057 prostat

676 3092 813 3188 teip'sum
824 3114 1013 3188 ooqooererq
1023 3116 1120 3188 quom
1132 3092 1171 3177 ei,
1189 3090 1371 3189 teneqlecto,
1386 3084 1528 3159 sidorum
1536 3108 1658 3169 corsos,

675 3215 741 3288 aim
765 3213 946 3299 herborum,
969 3212 1190 3312 bominumque
1212 3240 1252 3285 oo
1275 3210 1416 3284 omnium
1446 3208 1660 3293 terrestrium,

673 3336 800 3434 pariter
815 3349 847 3408 et
859 3337 1032 3408 coeleatium
1048 3351 1200 3409 naturam
1215 3334 1365 3407 tenueris.
1384 3330 1493 3404 Redde
1510 3329 1616 3427 iqitur
1632 3344 1660 3403 te

673 3457 742 3544 tili,
761 3458 886 3556 eorriqe
905 3484 1036 3555 qreaaoa
1052 3474 1132 3545 tuos,
1154 3472 1257 3531 stolon
1272 3470 1301 3530 te
1316 3458 1350 3551 (o
1366 3456 1476 3528 verba
1495 3474 1580 3525 auro
1595 3476 1661 3527 no-

679 3584 794 3679 tanda)
809 3596 886 3655 oute
901 3597 939 3668 te,
959 3596 1113 3682 tuaquom
1128 3582 1242 3655 olium.
1366 3630 1370 3637 -

727 3706 814 3777 Nolo
830 3706 976 3800 amplius
993 3707 1157 3777 molestus
1178 3726 1254 3777 esse
1276 3705 1410 3777 Vestrae
1427 3703 1661 3778 Reverendis-

680 3828 779 3901 simae
796 3830 1040 3929 Dominatioui,
1062 3828 1122 3901 eod
1139 3830 1249 3901 solum
1274 3850 1320 3900 ex
1345 3828 1478 3901 intimis
1502 3829 1663 3901 eamdem

678 3950 899 4047 praecordiis,
913 3952 1068 4043 ejusdem
1083 3950 1661 4047 sanctipaulumalloquarverbis:
1693 3980 1702 3994 ·

675 4072 821 4169 Spiritus
843 4088 970 4145 sanctos
995 4075 1048 4146 dot
1073 4074 1131 4146 tibi
1157 4074 1278 4171 piquus
1305 4072 1430 4161 salotis,
1458 4072 1553 4145 robur
1579 4073 1662 4157 oitae,

680 4196 956 4283 scientiolam
968 4198 1093 4297 piqoos
1109 4198 1235 4284 solutio,
1253 4212 1289 4268 ut
1305 4200 1373 4293 ipse
1387 4196 1502 4268 reddet
1520 4196 1665 4270 testimo-

678 4317 768 4389 uium
783 4316 926 4414 Spiritui
949 4334 1011 4405 too,
1031 4320 1114 4417 qood
1131 4320 1220 4418 filios
1242 4320 1301 4391 Dei
1317 4319 1379 4404 sis‚·
1401 4318 1498 4389 robur
1514 4316 1598 4401 vilo,
1621 4328 1657 4385 ut
