4100 6009
770 970 953 1034 -185-

371 1198 433 1241 rnm
452 1173 570 1242 Petrum
586 1195 743 1260 gracorum
762 1188 791 1241 et
809 1176 962 1242 latinorum
978 1177 1145 1243 auctoritas.
1170 1179 1249 1257 Quid
1271 1181 1355 1245 nobis

369 1305 433 1348 cum
447 1283 659 1348 aliissectisest
668 1286 839 1349 commune?
849 1285 933 1347 immo
943 1303 1140 1368 quoscumque
1153 1306 1220 1367 nna,
1238 1288 1353 1352 eosdem

369 1403 398 1454 et
423 1389 515 1456 altera
528 1389 650 1454 ecclesia
664 1388 817 1454 haereticos
837 1409 949 1474 semper
961 1391 1084 1466 censuit,
1102 1391 1213 1473 hahuit,
1233 1412 1353 1458 excom·

369 1497 527 1561 mnnicavit
537 1508 566 1561 et
580 1495 762 1562 anathemato
774 1499 928 1582 percussit.
945 1496 1077 1561 Conciiia
1088 1500 1180 1582 prima
1191 1500 1355 1564 communia

370 1603 482 1682 habuit,
499 1615 622 1687 utraque
636 1604 682 1668 vel
697 1603 794 1690 potins
808 1625 866 1669 nna
891 1604 964 1669 ritus
984 1606 1132 1691 ntrinsqne
1147 1605 1292 1670 Ecclesia.
1308 1605 1354 1671 lta

369 1708 513 1773 ntrnerito
529 1709 556 1770 in
571 1709 766 1774 fundamentis
781 1709 919 1774 doctrina
935 1711 1085 1776 chritianae
1099 1723 1224 1777 nontam
1236 1724 1353 1778 contro-

369 1816 463 1879 versia
477 1829 526 1879 ant
548 1818 749 1894 contrarietas,
773 1836 858 1899 qnam
876 1817 1031 1883 diversitas
1049 1820 1180 1904 quaedam
1205 1819 1352 1885 nationum

369 1941 470 2006 grecae
487 1936 517 1987 et
536 1923 643 2002 latinae,
665 1923 821 2009 peculiaris
843 1923 1008 1987 observatio
1035 1936 1065 1987 et
1086 1926 1347 2008 usurpationem

408 2029 553 2095 litantem
564 2031 601 2093 ad
614 2032 819 2115 perfectionem
835 2030 912 2095 illam
922 2031 1310 2097 exactaennionisorientaiis
1322 2044 1351 2097 et

369 2135 557 2200 occidentalis
565 2139 747 2202 ecclesianos
758 2139 950 2219 adducantur,
965 2139 1122 2222 optandum
1134 2137 1250 2221 quidem
1261 2151 1349 2217 esset;

368 2263 463 2308 vernon
483 2246 529 2310 his
542 2246 636 2310 adhuc
655 2247 842 2330 temporibus,
867 2265 930 2310 cum
946 2245 1002 2310 iilae
1020 2258 1118 2330 partes
1138 2246 1260 2310 alterius
1284 2247 1351 2312 fidoi

366 2363 492 2434 seeptro,
520 2351 558 2414 ob
576 2363 698 2436 peccata
718 2362 827 2429 nostra,
842 2351 1022 2434 subjaceant,
1044 2363 1073 2416 et
1095 2333 1297 2436 harnm'regas
1318 2364 1348 2417 et

365 2457 524 2542 principes,
542 2478 595 2522 nec
611 2458 747 2537 moribus,
772 2479 825 2522 nec
844 2458 994 2543 reiigione,
1017 2459 1117 2523 eadem
1140 2479 1224 2543 poeoa
1238 2460 1347 2539 divina,

367 2562 550 2628 concordiam
571 2564 756 2628 christianam
775 2565 926 2644 retineant,
951 2567 1068 2650 deraque
1087 2577 1166 2630 totns
1185 2565 1307 2630 mundns
1320 2566 1350 2628 in

367 2670 492 2755 maligno
507 2672 618 2754 positus
638 2673 685 2749 eit,
705 2691 761 2735 non
781 2684 838 2736 tarn
851 2673 909 2736 cito
930 2671 1113 2756 sperandum.
1143 2670 1292 2736 litantem
1314 2672 1352 2736 ad

366 2776 550 2841 concordiem
561 2776 737 2842 christianus
751 2778 840 2856 orbis,
854 2797 965 2841 summa
977 2774 1030 2840 Dei
1045 2797 1112 2862 ope,
1129 2777 1288 2860 aliqnando
1302 2776 1350 2838 in-

366 2882 474 2949 clinare
493 2896 522 2948 at
542 2897 673 2969 spectare
689 2884 824 2968 incipiat:
849 2883 981 2967 intelligo
995 2895 1025 2949 et
1046 2884 1247 2948 emendatione
1271 2882 1348 2959 vite,

366 3002 396 3055 et
416 2992 571 3055 summani
592 3010 709 3075 precum
729 2991 814 3054 nobis
832 2991 960 3074 utrisque
975 3011 1050 3074 opus
1063 3010 1137 3056 osse.
1152 2990 1239 3068 Quod
1253 2989 1290 3052 ad
1307 3009 1350 3051 mo

365 3098 480 3176 attinet,
492 3116 547 3181 ego
559 3098 761 3163 ohedienssuae
770 3097 928 3179 majestatis
942 3099 1129 3162 admonitioni
1146 3099 1247 3162 exhor
1259 3117 1349 3180 regno

366 3203 497 3283 discedo,
517 3218 546 3268 at
564 3207 601 3271 ad
615 3225 693 3268 meos
712 3205 870 3287 regredior.
894 3204 940 3268 ita
953 3204 1040 3287 piane
1053 3207 1202 3290 profiteor,
1221 3225 1265 3268 me
1278 3204 1352 3266 nihii

366 3308 412 3373 his
433 3311 462 3374 in
484 3310 566 3388 iocis,
583 3331 637 3376 nec
658 3330 754 3394 agere,
780 3330 831 3374 nec
854 3311 952 3374 conari
968 3309 1105 3387 voluisse,
1126 3331 1211 3394 qnam
1229 3321 1263 3374 nt
1277 3310 1352 3374 inter

366 3433 427 3495 cos,
444 3417 492 3501 qni
519 3418 658 3482 unitatem
680 3419 803 3502 cupiunt
815 3435 849 3480 ac
864 3417 1048 3503 profitentur,
1069 3428 1157 3500 atque
1176 3415 1241 3479 illos
1255 3414 1305 3498 qni
1322 3416 1350 3475 in

367 3521 402 3586 e'a
415 3541 473 3585 non
492 3535 560 3586 sunt
585 3537 614 3589 ct
629 3527 676 3610 pie
690 3545 722 3588 sa
738 3526 832 3588 [acere
853 3524 984 3602 eredunt,
1009 3535 1039 3588 et
1053 3543 1162 3587 summa
1183 3522 1235 3586 illa
1252 3523 1351 3607 capita

366 3649 420 3694 sua
434 3631 631 3714 respicientes,
648 3650 700 3693 nec
716 3630 789 3696 inter
802 3631 912 3714 scipsos
926 3632 1113 3710 conveniunt,
1129 3643 1159 3692 ct
1173 3629 1269 3712 potins
1284 3631 1350 3693 hao-

364 3738 464 3802 reticis
479 3737 626 3800 erroribus
637 3738 830 3819 consentiunt,
848 3757 905 3821 pax
920 3737 1018 3821 aliqua
1036 3750 1066 3801 et
1087 3737 1247 3822 συμφωνία
1261 3737 1351 3800 insti-

365 3845 408 3909 tui
433 3845 584 3927 potuisset.
609 3841 695 3921 Quod
724 3865 787 3909 cnm
812 3845 858 3909 his
882 3846 1061 3929 temporibus
1089 3846 1195 3909 iactum
1217 3845 1348 3922 nonsit,

363 3947 473 4012 meliori
486 3951 632 4014 occasioni
644 3963 673 4015 et
680 3953 803 4035 tempori
813 3953 1017 4018 reservandum
1030 3954 1154 4018 videtur.
1168 3951 1242 4035 Ego,
1256 3969 1350 4034 qnan-

364 4065 423 4118 tum
442 4055 538 4120 studio
557 4067 585 4120 et
597 4077 687 4140 opera
708 4077 770 4120 mea
789 4057 866 4122 oneri
888 4058 966 4142 apud
981 4057 1056 4123 ΗΒ.
1071 4058 1253 4143 patriarchas
1272 4077 1351 4120 meos

363 4162 475 4226 efficere
490 4176 601 4246 potero,
620 4164 688 4226 dare
700 4163 767 4228 volo
783 4184 908 4248 operam,
926 4177 959 4228 nt
969 4165 997 4227 in
1011 4185 1055 4227 roc
1065 4165 1102 4227 ad
1117 4165 1214 4227 omnia
1224 4183 1268 4239 oa,
1285 4183 1350 4246 qnae

364 4270 445 4352 pacis
455 4281 484 4332 et
499 4290 574 4336 nerse
588 4271 818 4350 onarinntssnnr,
831 4284 859 4336 et
868 4273 1025 4336 communis
1036 4273 1115 4351 boni,
1131 4285 1160 4338 et
1172 4272 1257 4353 hujus
1270 4270 1349 4352 regni

364 4371 536 4444 nobilissimi
556 4399 589 4443 oc
609 4380 728 4463 piissimi
751 4393 779 4444 et
798 4383 981 4461 serenissimi,
1006 4380 1349 4464 prudentissimorumqne
