4100 6009
1106 861 1288 924 -lll-

709 1078 892 1143 coronetur
907 1067 1016 1156 exitu,
1037 1089 1117 1142 enm
1143 1069 1255 1164 ipsum
1276 1069 1385 1141 velint
1398 1067 1442 1141 ad
1458 1089 1598 1141 suorum
1614 1068 1686 1142 ad-

710 1190 847 1266 mittere
863 1189 1097 1264 velitationem
1120 1189 1352 1272 eonsiliornm.
1386 1191 1446 1270 Sin·
1474 1189 1600 1270 minus.
1620 1189 1688 1262 de-

710 1324 840 1387 sertum
855 1335 893 1388 se
905 1311 950 1386 ab
969 1313 1025 1402 iis,
1048 1334 1117 1387 non
1136 1335 1198 1386 eos
1209 1311 1428 1386 deserentem
1437 1312 1684 1404 judicandum

711 1446 746 1510 et
761 1437 887 1510 vulnus
912 1434 1004 1520 istud
1034 1435 1070 1508 in
1094 1435 1199 1520 corde
1222 1457 1287 1517 suo
1309 1434 1447 1508 difficile
1473 1435 1682 1510 sanandum.

711 1559 926 1632 llliusautem
938 1542 1256 1645 esse,vulneratum
1269 1557 1342 1632 suis
1354 1557 1506 1630 inserere
1518 1555 1686 1644 humeris,

711 1704 781 1764 non
796 1681 970 1756 deserere.
993 1709 1010 1752 a
1546 1757 1549 1762 ,

758 1803 843 1875 llam
883 1802 1037 1878 lacrimis
1075 1804 1257 1877 irroratum
1286 1803 1466 1898 epistolam
1496 1823 1559 1898 per
1585 1823 1690 1874 suum

710 1925 899 2000 transmisit
914 1925 1134 2002 Smotriscius
1150 1926 1356 2012 diaconum
1383 1936 1548 2021 certoque
1564 1924 1690 1998 existi-

712 2051 833 2136 mavit,
851 2051 978 2124 multos
993 2051 1144 2135 libenter
1167 2071 1205 2124 se
1222 2047 1467 2141 justificantem
1494 2050 1687 2134 audituros,

712 2173 742 2246 si
772 2173 829 2244 vel
859 2172 980 2246 decem
1004 2173 1215 2248 infirmasset
1233 2192 1316 2246 suae
1343 2183 1470 2267 puncta
1498 2170 1689 2271 Apologia,-

712 2316 859 2390 qnorum
874 2305 1012 2370 centnm
1028 2298 1182 2393 quinque
1200 2306 1323 2370 eontra
1349 2317 1448 2379 suam
1464 2303 1616 2369 notasset
1631 2314 1689 2366 ec-

712 2418 864 2492 elesiam.
901 2417 944 2490 Et
967 2419 1016 2502 sic
1045 2419 1162 2492 omnia
1183 2417 1419 2513 achitophelis
1445 2418 1602 2504 consilia,
1629 2417 1690 2512 qui

712 2541 782 2632 jam
802 2561 865 2612 sno
888 2539 1012 2634 seipse,
1038 2539 1090 2612 uti
1120 2518 1250 2627 sorex(
1264 2537 1465 2634 prodiderat
1484 2538 1624 2625 indicio,
1652 2537 1690 2608 in

713 2660 869 2753 eiusdem
884 2672 988 2757 capnt
1002 2662 1145 2737 ruitura.
1162 2662 1231 2736 Sed
1242 2663 1314 2752 ille,
1331 2685 1412 2736 cum
1424 2663 1508 2750 suis,
1529 2658 1691 2734 omnibus

715 2783 884 2858 connixus
899 2791 951 2856 est
975 2786 1121 2873 viribus,
1140 2808 1185 2858 ne
1210 2786 1256 2859 ad
1275 2786 1446 2883 synodum
1472 2784 1692 2859 Smotriecius

714 2905 954 2980 admitteretur
966 2933 973 2978 ε
985 2927 1063 2994 cum
1078 2907 1124 2980 de
1140 2909 1212 2982 vita
1225 2910 1281 3003 agi
1297 2931 1372 2998 sua,
1388 2919 1484 2982 certo
1495 2907 1686 3000 colligeret.

715 3027 856 3098 llt‘vero
871 3047 951 3098 cum
975 3028 1114 3124 plurimi
1143 3028 1217 3103 istis
1239 3031 1386 3125 permoti
1409 3030 1531 3103 litteris
1558 3026 1690 3101 admit-

716 3145 882 3233 tendum,
917 3158 952 3220 et
985 3148 1198 3225 audiendum
1229 3152 1464 3226 Smotriseinm
1496 3159 1688 3244 urgerent,
1807 3183 1810 3186 >

715 3269 898 3343 Boreocius
913 3271 959 3346 ab
975 3272 1123 3346 inimicis
1138 3272 1220 3346 fidei
1236 3285 1272 3346 et
1283 3274 1469 3348 Smotriscii
1480 3273 1699 3358 stimulatus„

717 3393 916 3467 inclamavit
933 3423 940 3467 :
969 3396 1146 3472 sathanam
1163 3419 1242 3471 cum
1258 3417 1312 3486 eo,
1332 3420 1401 3473 non
1417 3397 1588 3494 synodum
1603 3418 1690 3471 oon-

717 3516 808 3588 lerre
822 3513 963 3589 debere.

764 3635 843 3709 Post
871 3634 1044 3728 modicum
1073 3660 1093 3711 a
1121 3642 1323 3725 transmissa
1356 3643 1501 3739 epistola
1532 3652 1686 3738 tempus.

716 3776 856 3828 oosacns
879 3777 959 3830 eum
974 3760 1178 3853 llioviensis
1203 3763 1343 3837 Solenilt
1368 3763 1538 3848 eumalio
1565 3762 1691 3836 comite

716 3877 890 3974 convenit,
906 3890 942 3951 et
958 3883 1135 3978 praelonga
1146 3885 1404 3981 peracriqueei,
1424 3906 1520 3957 more
1532 3896 1690 3981 santra<

660 3987 663 3994 ’
717 4001 789 4094 dita
814 4003 972 4094 lectione,
994 4005 1120 4101 adjecit
1136 4033 1143 4075 :
1163 4032 1196 4080 ec
1209 4031 1341 4110 nosque
1356 4037 1393 4082 cc
1419 4033 1521 4084 socru.
1534 4008 1690 4108 scapulae

717 4125 955 4222 comparavisse,
987 4131 1143 4230 sanquine
1158 4132 1254 4206 ett‘om
1273 4133 1409 4207 luituros
1427 4159 1511 4205 :nou
1530 4157 1586 4204 atto
1601 4130 1692 4204 dua-

718 4261 819 4332 tacut,
837 4272 947 4320 ocrom
971 4252 1200 4342 allevatorem,
1224 4256 1280 4355 poi
1299 4283 1335 4332 eo
1349 4259 1396 4331 cel
1420 4256 1627 4355 despicerent,
1645 4255 1693 4328 uel
