4100 6009
1087 944 1269 1007 -178-

686 1141 819 1205 afflictam
834 1150 962 1218 matrem,
977 1138 1144 1203 orientalem
1159 1139 1323 1218 ecelesiam,
1351 1151 1461 1204 mutato
1485 1142 1541 1206 ritu
1565 1144 1668 1226 jurare

687 1263 782 1328 posse,
796 1263 881 1328 quarn
893 1244 916 1308 si
928 1243 1085 1328 persistant
1097 1245 1126 1307 in
1138 1247 1205 1309 ritu.
1225 1245 1296 1309 Nam
1309 1247 1413 1311 lortius
1421 1247 1475 1311 iste
1484 1247 1520 1310 de
1528 1248 1587 1312 vita
1595 1251 1671 1332 peri·

685 1351 832 1416 elitautem
844 1351 937 1434 juvat,
952 1351 1000 1434 qui
1016 1371 1081 1414 eum
1093 1351 1161 1416 viva
1171 1349 1365 1417 voceadmote
1380 1372 1464 1416 manu
1475 1354 1567 1434 juvet,
1581 1374 1667 1438 quam

685 1457 735 1544 qui
746 1477 762 1521 e
773 1458 912 1542 loginquo
937 1457 999 1522 solo
1022 1458 1148 1523 clamore
1162 1459 1255 1541 juvat.
1273 1457 1373 1523 Priore
1386 1460 1474 1523 modo
1482 1461 1584 1541 juvare
1597 1481 1668 1524 oen·

685 1578 784 1632 mnam
803 1576 923 1630 matrem
940 1585 1033 1646 suam,
1047 1566 1213 1631 orientalem
1236 1567 1398 1647 ecclesiam,
1412 1569 1463 1652 qni
1487 1568 1515 1631 in
1538 1569 1594 1631 ritu
1612 1588 1667 1631 suo

685 1692 780 1755 graeco
800 1684 985 1756 permaneam
1001 1674 1169 1758 pomeriori,
1192 1675 1242 1758 qui
1264 1675 1348 1740 ritum
1364 1686 1484 1738 mutam.
1500 1673 1540 1739 llt
1556 1687 1665 1761 quanto

684 1778 797 1858 lortius,
820 1789 901 1844 tanto
927 1779 1090 1861 efficacium
1110 1781 1177 1844 dum
1201 1782 1280 1864 quod
1296 1783 1380 1845 matri
1393 1794 1423 1846 et
1438 1781 1576 1844 iratribus
1589 1801 1667 1844 com·

684 1887 829 1958 mendant,
843 1885 915 1950 idem
931 1885 996 1969 ipsi,
1010 1898 1043 1951 ut
1053 1887 1160 1952 bonnm
1172 1900 1201 1952 et
1215 1887 1353 1966 suntote,
1367 1888 1492 1952 retinent
1501 1899 1531 1952 et
1540 1907 1666 1971 sequun-

683 2009 747 2076 tur;
765 2015 849 2080 qnam
862 1993 915 2075 illi,
929 1993 996 2058 dum
1012 1996 1092 2080 quod
1108 1997 1193 2061 matri
1208 2007 1238 2061 et
1256 1997 1395 2063 lrntribus
1407 1996 1621 2073 commendant,
1634 1996 1665 2060 id

683 2101 748 2187 ipsi,
764 2113 798 2166 ut
809 2101 911 2164 malum
926 2100 973 2166 vel
986 2114 1018 2167 nt
1038 2103 1132 2166 minus
1145 2103 1263 2183 bonnm,
1281 2104 1425 2188 sprevisse
1440 2112 1661 2186 praesumuntur.

724 2206 792 2272 llaec
810 2209 879 2285 dno,
901 2205 988 2270 Pater
1002 2207 1200 2287 Sanctissime,
1216 2210 1241 2272 si
1256 2208 1301 2272 Tu
1315 2209 1414 2274 vivida
1434 2207 1499 2271 Tua
1522 2205 1665 2291 pastorali

683 2317 710 2379 in
726 2313 1007 2378 omnesauctoritato
1019 2314 1115 2398 reipsa
1128 2313 1267 2391 elleceris,
1285 2334 1320 2378 en
1339 2328 1467 2399 optatam
1477 2315 1613 2377 unionem
1633 2313 1663 2376 in

682 2421 802 2485 llosssia
812 2431 911 2484 nostra
924 2420 962 2483 ad
973 2440 1073 2484 manos
1087 2421 1193 2500 babes;
1211 2441 1270 2504 qua
1282 2423 1404 2505 potitus,
1417 2440 1547 2506 suppone
1557 2418 1600 2482 Te
1611 2437 1663 2502 per

682 2527 761 2592 Tuos
775 2527 882 2590 llossos
895 2527 976 2590 brevi
994 2528 1132 2609 temporis
1143 2547 1280 2592 successu
1291 2530 1320 2592 in
1337 2528 1469 2592 omnibus
1481 2525 1659 2604 nationibus,

681 2631 829 2697 orientalis
844 2633 974 2698 eeclesiae
988 2635 1102 2696 nomine
1113 2636 1142 2696 in
1157 2635 1311 2701 schismate
1322 2655 1385 2698 sese
1398 2633 1587 2717 iactantibus,
1597 2650 1660 2695 eam

681 2739 849 2820 obtinuisse.
876 2737 1008 2804 Libertas
1025 2741 1171 2806 schismati
1188 2740 1370 2825 supercilium
1393 2739 1513 2819 attollit,
1532 2739 1659 2802 servitus

680 2846 824 2931 deprimit.
833 2847 935 2911 libiex
945 2847 1037 2912 libera
1045 2861 1145 2914 nostra
1155 2863 1240 2934 gente
1248 2849 1394 2913 inlernnlis
1402 2850 1456 2914 iste
1467 2845 1658 2932 κακοδαίμων

680 2956 819 3038 expulsus
844 2956 938 3032 luerit,
963 2975 999 3018 ex
1021 2957 1157 3039 gentibus
1177 2956 1332 3040 tyrannide
1356 2956 1503 3042 oppressis
1526 2955 1660 3040 opinione

680 3063 803 3128 celerius
827 3063 1051 3148 propulsabitur.
1079 3065 1184 3130 blodos
1202 3063 1280 3130 Deus
1300 3066 1363 3149 ipse
1377 3063 1550 3149 providebit.
1564 3061 1661 3139 Quare

681 3169 749 3234 hoio
765 3189 835 3233 meaa
845 3171 1035 3254 suggestioni,
1047 3172 1070 3234 si
1080 3182 1124 3235 est
1135 3192 1227 3256 acqua,
1241 3170 1328 3235 Pater
1341 3171 1520 3248 beatissime,
1535 3168 1660 3230 levorem

679 3295 766 3362 opere
783 3276 899 3356 exhibe,
921 3297 974 3340 nec
996 3297 1076 3341 mora
1089 3303 1096 3339 ;
1110 3279 1225 3342 occasio
1240 3278 1314 3342 enim
1326 3291 1370 3342 est
1384 3276 1582 3360 anticipando,
1594 3293 1658 3338 eum

680 3383 734 3446 hoe
746 3397 873 3467 tempore
894 3384 972 3466 apud
985 3402 1037 3447 nos
1051 3386 1137 3448 etiarn
1160 3384 1326 3469 rigidissimi
1342 3383 1526 3460 schismatici,
1544 3379 1661 3445 assidua

679 3493 824 3558 unitorum
838 3510 926 3575 opera
939 3495 1083 3574 succensi,
1108 3493 1288 3558 incalescunt
1299 3506 1329 3559 et
1339 3492 1522 3570 mollescunt,
1536 3489 1659 3555 ettadio

678 3599 841 3664 schismatis
855 3598 970 3664 sibimet
983 3601 1055 3685 ipsis
1065 3602 1191 3686 quodam
1202 3601 1288 3666 modo
1301 3601 1382 3664 exosi
1398 3599 1478 3675 lacti,
1490 3618 1543 3682 pro
1554 3597 1660 3661 unione

679 3706 717 3771 ad
730 3705 1019 3787 invicemdeeertant,
1034 3719 1064 3771 et
1073 3727 1126 3792 pro
1136 3720 1292 3792 perspecto
1304 3707 1366 3789 ejus
1378 3707 1455 3770 bono
1469 3705 1576 3789 passim
1589 3724 1658 3769 con·

677 3811 809 3875 tendunt.
825 3810 918 3877 llodie
933 3813 1008 3898 [cras
1019 3813 1097 3876 enirn
1109 3814 1164 3879 erit
1178 3815 1271 3879 minus
1283 3814 1360 3900 apte]
1369 3811 1478 3876 liossos
1491 3810 1581 3890 Tuos,
1591 3808 1657 3873 loon

678 3922 786 3985 strenui
802 3917 931 4001 Davidis,
954 3922 993 3984 ad
1015 3923 1254 4006 prosternendum
1282 3920 1400 3986 robusto
1424 3919 1472 3983 isti
1486 3916 1658 4003 populollei

679 4023 863 4089 insultantem
878 4023 1071 4106 Philistinnm,
1082 4025 1214 4090 obtinere
1228 4045 1339 4090 omnem
1353 4045 1451 4089 curam
1462 4021 1579 4098 adhibe,
1592 4040 1658 4106 per-

677 4153 779 4197 suasus
798 4134 878 4198 brevi
901 4131 950 4212 Se,
968 4135 1064 4217 gratia
1091 4131 1154 4211 Dei,
1179 4153 1230 4218 per
1254 4153 1304 4198 eos
1328 4133 1463 4200 desiderii
1488 4131 1542 4195 Tui
1557 4142 1657 4215 optato

678 4241 780 4304 ellectu
799 4242 827 4303 in
853 4241 986 4305 universa
999 4241 1133 4305 orientali
1150 4241 1334 4306 schismatica
1347 4240 1470 4305 ecclesia
1486 4239 1655 4322 potiturum.

719 4346 835 4412 lnterim
857 4366 901 4410 me
916 4346 1045 4411 inutilem
1061 4347 1152 4412 Tuum
1168 4365 1292 4430 servum,
1316 4349 1354 4414 ad
1364 4349 1452 4434 pedes
1476 4335 1547 4410 Tne
1563 4343 1659 4410 Sanc-
