4100 6009
1124 893 1305 958 -l3l—

715 1101 990 1188 sollicitudinem,
1016 1103 1209 1196 neglectam
1229 1122 1249 1171 a
1267 1100 1412 1173 subditis
1429 1103 1544 1196 legum
1563 1103 1691 1176 obser-

717 1226 880 1297 vantiam.
899 1225 963 1298 Ubi
977 1225 1120 1297 scientia
1131 1224 1239 1297 fidei?
1253 1225 1312 1295 ubi
1326 1224 1431 1297 decor
1444 1226 1613 1313 ecclesiae,
1628 1227 1692 1299 scd

714 1346 934 1420 christianae?
963 1349 1064 1421 Hisce
1089 1370 1173 1421 vero
1189 1349 1351 1420 omnibus
1370 1371 1439 1421 non
1462 1348 1631 1421 duntaxat
1652 1351 1687 1421 in

711 1468 842 1556 llussia,
865 1472 1105 1543 verumetiam
1121 1471 1157 1542 in
1174 1470 1250 1542 aliis
1266 1471 1369 1565 longe
1379 1472 1519 1565 lateque
1534 1470 1694 1567 dissipa-·

710 1593 755 1664 tis
770 1592 924 1684 ejusdem
942 1595 1027 1666 ritus
1040 1595 1213 1688 gentibus,
1230 1616 1293 1688 per
1309 1595 1419 1687 ipsam
1432 1594 1589 1667 Russiam
1605 1615 1687 1666 me-

711 1715 789 1786 dela
809 1718 1077 1810 praesentissima
1098 1729 1212 1812 posset
1236 1717 1409 1803 adhiberi,
1430 1717 1460 1789 si
1478 1718 1686 1811 peculiarem

709 1837 776 1910 sibi
788 1861 808 1911 a
822 1841 1192 1936 Constantinopolitano
1205 1840 1375 1933 deligeret
1390 1840 1633 1934 patriarcham.

757 1963 813 2036 Ad
821 1964 1135 2050 haec,Smotriscins
1143 1965 1358 2056 gravissimis
1371 1962 1501 2035 ibidem
1512 1964 1684 2036 rationum

708 2087 891 2158 momentis
911 2087 1035 2178 rejicit,
1058 2086 1240 2170 maledice,
1267 2085 1485 2178 impudenter
1501 2096 1536 2156 et
1553 2087 1690 2157 calum-

708 2210 803 2280 niose
821 2209 974 2301 objectas
998 2212 1032 2281 S.
1053 2211 1081 2280 R
1116 2211 1156 2280 E.
1177 2209 1341 2280 haereses.
1362 2208 1492 2292 Quibus
1513 2209 1681 2295 relulatis,

705 2334 807 2404 nimis
823 2333 1044 2418 malitiosum,
1071 2334 1173 2424 longe
1192 2352 1348 2403 amarum
1371 2344 1405 2400 et
1424 2329 1604 2424 plusquam
1619 2353 1685 2402 va-

705 2455 868 2526 linianum
886 2455 1180 2527 schismaticorum
1201 2453 1236 2523 in
1255 2465 1410 2525 sanctam
1428 2474 1603 2525 romanam
1619 2477 1684 2526 ec-

703 2577 843 2648 alesiam
852 2579 1007 2670 pluribus
1020 2586 1213 2676 exaggerat
1227 2577 1358 2648 odium.
1376 2577 1678 2671 Ostenditqueeos,

703 2720 781 2769 cum
808 2701 987 2772 manifesto
1009 2722 1141 2771 exuere
1164 2721 1203 2770 se
1227 2699 1410 2771 schismate
1438 2721 1507 2770 non
1537 2701 1678 2792 possint,

702 2821 1676 2918 haeresesobtrudereLatinis‚etsuumacapiteecclesiae,

699 2945 797 3036 quasi
815 2945 945 3036 justum
967 2945 1138 3017 adornare
1169 2944 1378 3018 abscessum.
1409 2946 1551 3018 Unionis
1575 2948 1680 3019 etiam

701 3065 895 3158 longaevam
911 3068 946 3138 in
959 3068 1077 3140 llussia
1102 3078 1308 3141 vetustatem
1335 3067 1497 3139 historice
1513 3067 1674 3140 deducit:

700 3213 808 3262 vanos
826 3191 871 3263 dc
891 3192 1082 3264 amittendo
1104 3214 1166 3286 per
1184 3193 1344 3263 unionem
1367 3193 1432 3265 ritu
1454 3193 1593 3266 timores
1613 3215 1681 3264 ex-

700 3315 797 3402 cutit,
833 3315 1021 3388 calendarii
1045 3315 1263 3388 difficultates
1287 3315 1384 3400 lenit,
1417 3325 1452 3386 et
1479 3314 1677 3406 corrigendi

700 3438 785 3528 ejus,
803 3451 884 3511 ante
900 3441 1033 3534 aliquot
1045 3460 1215 3511 annorum
1233 3449 1391 3524 centena,
1409 3441 1608 3513 Graecorum
1627 3442 1678 3536 ip-

700 3581 815 3633 sorum
832 3571 974 3636 conatus
988 3571 1244 3633 commemorat.

748 3686 790 3756 Et
804 3685 1447 3780 postquamscsodalibusVilncnsibus
1461 3687 1676 3757 unitumesse

702 3817 834 3878 certum
848 3808 1108 3902 proclamasset:
1123 3806 1167 3879 de
1185 3808 1310 3879 unione
1319 3806 1464 3879 firmiter
1476 3807 1595 3893 edicit,
1615 3829 1677 3901 pro

700 3940 794 4004 cerlo
815 3953 852 4002 se
869 3931 936 4002 illis
947 3930 1166 4017 denuntiare,
1188 3941 1262 4003 esto
1279 3953 1362 4003 sane
1375 3931 1579 4025 gravissimo
1590 3952 1676 4023 que-

698 4050 1678 4150 quemodounionicontrairent,seriusautpciusluturam

699 4173 830 4244 Russiae
844 4175 1014 4248 nationem
1043 4177 1077 4246 in
1091 4197 1133 4248 ea
1148 4184 1265 4248 sancta
1279 4175 1416 4248 unione.
1433 4176 1525 4269 Opus
1550 4174 1679 4268 quippe

700 4296 792 4369 istud
817 4320 892 4370 esse
920 4299 1074 4372 divinum
1089 4312 1125 4375 et
1146 4301 1181 4371 in
1195 4298 1270 4371 dies
1294 4277 1490 4394 procedere.
1520 4297 1677 4369 Viderint
