4100 6009
379 1180 510 1251 scalum
523 1188 558 1248 et
571 1174 875 1248 archimandritam
890 1176 926 1246 in
940 1177 1057 1248 Monte
1073 1179 1198 1247 Sancto
1205 1177 1356 1272 Vatope-

379 1295 543 1385 densem,
571 1297 617 1370 dc
646 1296 794 1392 publicis
829 1298 955 1391 populo
984 1297 1191 1392 praedicasse
1219 1297 1351 1381 rostri-s,

377 1423 625 1515 orationespro
645 1420 829 1505 defunctis,
855 1421 905 1491 uti
920 1420 1101 1493 animabus
1113 1420 1254 1491 minime
1267 1440 1355 1513 pro-

378 1544 498 1631 ficuas,
512 1546 560 1617 ita
571 1544 675 1617 etiam
696 1544 733 1613 in
750 1542 894 1614 ecclesia
904 1543 1046 1616 inutiles
1060 1542 1261 1615 censendas.
1279 1543 1354 1627 Qua

377 1665 422 1738 dc
438 1688 477 1740 re
489 1668 618 1763 Cyrillo
634 1689 750 1740 coram
772 1665 889 1737 debita
911 1688 990 1740 cum
1009 1666 1233 1741 veneratione
1246 1686 1354 1759 expo-

378 1791 520 1878 stulans,
542 1791 636 1862 nullo
657 1800 759 1885 pacto
773 1790 875 1860 aliter
895 1792 1135 1885 purgatorium
1149 1790 1295 1867 latinum
1310 1788 1355 1860 de

379 1915 499 1989 medio
529 1935 630 2008 posse
658 1913 745 1999 tolli,
765 1934 812 1984 cx
842 1912 965 1986 eodem
994 1914 1158 2010 percepit.
1184 1912 1357 1985 Caeterum

378 2040 641 2135 praedicatorem
655 2038 763 2124 illum,
783 2060 863 2111 cum
878 2039 1050 2132 Gargano,
1067 2037 1356 2129 Vittembergen÷

376 2164 424 2235 sis
453 2161 653 2234 Academiae
681 2160 850 2231 cultorem
886 2171 935 2232 et.
962 2164 1225 2233 auscultatorem
1251 2160 1356 2232 luisse

377 2285 560 2359 intellexit.
587 2284 661 2354 Nec
686 2282 825 2373 mirum,
856 2281 1026 2374 ejusmodi
1055 2305 1135 2354 eum
1157 2282 1192 2354 in
1220 2282 1358 2355 Graecia

377 2420 543 2483 temetum
557 2406 754 2501 spiravisse,
771 2427 850 2479 cum
866 2406 959 2477 illud
977 2426 999 2476 a
1024 2406 1153 2483 teneris
1171 2406 1206 2477 in
1228 2407 1353 2478 Luthe-

376 2553 462 2605 rana
482 2529 672 2603 Germania
682 2528 823 2600 abunde
836 2529 1031 2601 'hausisset
1045 2527 1181 2623 Atque.
1198 2529 1286 2603 adeo
1309 2529 1363 2601 de·

377 2654 500 2726 salutis
523 2650 626 2723 rebus
654 2673 733 2722 oum
746 2649 876 2745 Cyrillo
896 2650 1172 2744 leviteragitare
1191 2660 1354 2745 protunc

377 2777 499 2848 nolens
523 2775 754 2866 smorriscius,
781 2773 998 2846 commodius
1024 2792 1084 2845 eas
1108 2774 1291 2868 protelavit
1315 2774 1354 2843 in

377 2908 524 2991 tempus.
544 2896 613 2967 Sed
627 2896 745 2968 arduis
769 2895 988 2991 postmodum
1017 2895 1224 2990 patriarchae
1240 2917 1355 2988 nego-

376 3020 445 3108 tiis,
460 3030 494 3092 et
507 3021 670 3112 aegrasui
683 3019 1188 3105 incommodatusualetudine‚
1207 3038 1252 3092 nc
1269 3018 1352 3111 qni-

378 3143 509 3216 demea
522 3142 801 3228 confirmata‚¹in
817 3142 1038 3217 Palaestinam
1060 3142 1184 3214 eodem
1213 3152 1356 3213 auctore

377 3269 473 3356 abiit,
489 3267 632 3340 defidei
648 3267 883 3359 dogmatibus,
902 3267 1127 3353 comite'vita,
1146 3266 1258 3338 redux
1273 3289 1353 3338 cum

378 3416 420 3467 eo
434 3393 699 3487 disceptaturus.
923 3483 927 3493 .

426 3518 548 3610 igitur,
564 3519 635 3587 Deo
659 3515 792 3587 itineris
804 3516 893 3588 duce
910 3526 945 3588 et
959 3525 1104 3601 rectore,
1123 3536 1248 3586 navem
1264 3537 1353 3588 con-

378 3640 531 3721 scendit,
572 3638 764 3731 eodemque
796 3636 993 3710 velificante
1030 3639 1091 3711 diu
1125 3636 1356 3710 desideratum

378 3763 486 3835 tenuit
502 3771 650 3856 portum.
668 3760 782 3854 Atque
800 3761 1045 3846 inPalaestina‚
1074 3772 1112 3832 ut
1137 3759 1254 3833 verbis
1283 3762 1356 3852 ejus
1398 3796 1400 3801 ¹

378 3884 581 3979 compendio
597 3884 725 3978 pressis
745 3894 835 3969 utar,
851 3884 913 3954 luit
929 3885 965 3955 in
978 3885 1060 3956 Sion
1078 3894 1207 3967 sancta,
1227 3882 1272 3954 de
1289 3906 1356 3979 qua

378 4010 436 4079 lex
443 4009 565 4093 exivit,
575 4008 653 4079 etin
666 4007 892 4091 Hierusalem,
904 4006 949 4078 de
957 4027 1024 4099 qua
1041 4006 1187 4077 uerbum
1203 4007 1351 4079 Domini.

377 4130 592 4204 Adoravitin
611 4133 686 4203 loco
702 4130 758 4201 ubi
787 4140 957 4202 steterunt
985 4128 1093 4223 pedes
1118 4130 1203 4220 ejus.
1233 4128 1356 4202 Anima

378 4264 448 4326 tota
460 4262 496 4325 et
512 4274 657 4347 corpore
685 4255 813 4350 saepius
825 4252 966 4324 acclinis
979 4253 1069 4324 locis
1082 4252 1207 4325 accidit
1221 4254 1300 4340 illis,
1316 4276 1357 4324 ac

379 4373 558 4449 diffluente
574 4377 610 4446 in
624 4378 778 4449 laetitiam
801 4376 949 4450 basiavit
975 4398 1048 4463 ore,
1075 4376 1109 4446 in
1126 4377 1252 4473 quibus
1267 4377 1361 4455 Deus,
