<?xml version="1.0" encoding="UTF-8"?>
<!DOCTYPE html PUBLIC "-//W3C//DTD XHTML 1.0 Transitional//EN"
    "http://www.w3.org/TR/xhtml1/DTD/xhtml1-transitional.dtd">
<html xmlns="http://www.w3.org/1999/xhtml" xml:lang="en" lang="en">
 <head>
  <title>
</title>
<meta http-equiv="Content-Type" content="text/html;charset=utf-8" />
  <meta name='ocr-system' content='tesseract 3.04.00' />
  <meta name='ocr-capabilities' content='ocr_page ocr_carea ocr_par ocr_line ocrx_word'/>
</head>
<body>
  <div class='ocr_page' id='page_1' title='image "./saulusetpaulusr00martgoog_0130.png"; bbox 0 0 4100 6009; ppageno 0'>
   <div class='ocr_carea' id='block_1_1' title="bbox 1080 995 1262 1060">
    <p class='ocr_par' dir='ltr' id='par_1_1' title="bbox 1080 995 1262 1060">
     <span class='ocr_line' id='line_1_1' title="bbox 1080 995 1262 1060; baseline 0.005 -1"><span class='ocrx_word' id='word_1_1' title='bbox 1080 995 1262 1060; x_wconf 72' lang='lat'><strong>-122-</strong></span> 
     </span>
    </p>
   </div>
   <div class='ocr_carea' id='block_1_2' title="bbox 679 1207 1674 4492">
    <p class='ocr_par' dir='ltr' id='par_1_2' title="bbox 683 1207 1665 1669">
     <span class='ocr_line' id='line_1_2' title="bbox 685 1207 1663 1311; baseline -0.01 -23"><span class='ocrx_word' id='word_1_2' title='bbox 685 1216 759 1311; x_wconf 90' lang='lat' dir='ltr'><strong>pari</strong></span> <span class='ocrx_word' id='word_1_3' title='bbox 773 1209 1157 1308; x_wconf 82' lang='lat' dir='ltr'><strong>actncomprobauissel</strong></span> <span class='ocrx_word' id='word_1_4' title='bbox 1182 1207 1244 1280; x_wconf 86' lang='lat' dir='ltr'><strong>sed</strong></span> <span class='ocrx_word' id='word_1_5' title='bbox 1266 1208 1423 1293; x_wconf 86' lang='lat' dir='ltr'><strong>sortasse,</strong></span> <span class='ocrx_word' id='word_1_6' title='bbox 1444 1227 1663 1302; x_wconf 84' lang='lat' dir='ltr'><strong>nequaquam</strong></span> 
     </span>
     <span class='ocr_line' id='line_1_3' title="bbox 683 1328 1665 1426; baseline -0.012 -14"><span class='ocrx_word' id='word_1_7' title='bbox 683 1359 760 1412; x_wconf 87' lang='lat' dir='ltr'><strong>eam</strong></span> <span class='ocrx_word' id='word_1_8' title='bbox 772 1337 877 1412; x_wconf 89' lang='lat' dir='ltr'><strong>corde</strong></span> <span class='ocrx_word' id='word_1_9' title='bbox 890 1335 984 1408; x_wconf 84' lang='lat' dir='ltr'><strong>visus</strong></span> <span class='ocrx_word' id='word_1_10' title='bbox 996 1343 1050 1405; x_wconf 89' lang='lat' dir='ltr'><strong>est</strong></span> <span class='ocrx_word' id='word_1_11' title='bbox 1062 1331 1207 1404; x_wconf 88' lang='lat' dir='ltr'><strong>credere</strong></span> <span class='ocrx_word' id='word_1_12' title='bbox 1220 1328 1416 1420; x_wconf 82' lang='lat' dir='ltr'><strong>ueritatem,</strong></span> <span class='ocrx_word' id='word_1_13' title='bbox 1430 1331 1545 1403; x_wconf 88' lang='lat' dir='ltr'><strong>colere</strong></span> <span class='ocrx_word' id='word_1_14' title='bbox 1556 1331 1665 1426; x_wconf 86' lang='lat' dir='ltr'><strong>pieta·</strong></span> 
     </span>
     <span class='ocr_line' id='line_1_4' title="bbox 683 1450 1662 1554; baseline -0.01 -22"><span class='ocrx_word' id='word_1_15' title='bbox 683 1470 767 1548; x_wconf 87' lang='lat' dir='ltr'><strong>tem,</strong></span> <span class='ocrx_word' id='word_1_16' title='bbox 793 1479 897 1554; x_wconf 89' lang='lat' dir='ltr'><strong>quam</strong></span> <span class='ocrx_word' id='word_1_17' title='bbox 917 1479 978 1530; x_wconf 88' lang='lat' dir='ltr'><strong>oro</strong></span> <span class='ocrx_word' id='word_1_18' title='bbox 995 1477 1111 1529; x_wconf 90' lang='lat' dir='ltr'><strong>coram</strong></span> <span class='ocrx_word' id='word_1_19' title='bbox 1128 1453 1262 1549; x_wconf 88' lang='lat' dir='ltr'><strong>populis</strong></span> <span class='ocrx_word' id='word_1_20' title='bbox 1277 1450 1343 1523; x_wconf 93' lang='lat' dir='ltr'><strong>sibi</strong></span> <span class='ocrx_word' id='word_1_21' title='bbox 1358 1452 1565 1539; x_wconf 86' lang='lat' dir='ltr'><strong>commissis,</strong></span> <span class='ocrx_word' id='word_1_22' title='bbox 1593 1473 1662 1523; x_wconf 93' lang='lat' dir='ltr'><strong>non</strong></span> 
     </span>
     <span class='ocr_line' id='line_1_5' title="bbox 684 1577 1493 1669; baseline -0.012 -13"><span class='ocrx_word' id='word_1_23' title='bbox 684 1583 860 1656; x_wconf 81' lang='lat' dir='ltr'><strong>confessus</strong></span> <span class='ocrx_word' id='word_1_24' title='bbox 873 1587 926 1653; x_wconf 76' lang='lat' dir='ltr'><strong>es‘t</strong></span> <span class='ocrx_word' id='word_1_25' title='bbox 937 1579 982 1652; x_wconf 87' lang='lat' dir='ltr'><strong>ad</strong></span> <span class='ocrx_word' id='word_1_26' title='bbox 999 1599 1111 1665; x_wconf 86' lang='lat' dir='ltr'><strong>suam,</strong></span> <span class='ocrx_word' id='word_1_27' title='bbox 1124 1597 1317 1669; x_wconf 88' lang='lat' dir='ltr'><strong>eorumque</strong></span> <span class='ocrx_word' id='word_1_28' title='bbox 1333 1577 1493 1649; x_wconf 87' lang='lat' dir='ltr'><strong>salutem.</strong></span> 
     </span>
    </p>

    <p class='ocr_par' dir='ltr' id='par_1_3' title="bbox 679 1699 1674 4492">
     <span class='ocr_line' id='line_1_6' title="bbox 686 1699 1662 1798; baseline -0.009 -20"><span class='ocrx_word' id='word_1_29' title='bbox 686 1747 688 1750; x_wconf 95' lang='lat'>·</span> <span class='ocrx_word' id='word_1_30' title='bbox 734 1704 920 1777; x_wconf 83' lang='lat' dir='ltr'><strong>Enimvero</strong></span> <span class='ocrx_word' id='word_1_31' title='bbox 942 1703 1121 1798; x_wconf 83' lang='lat' dir='ltr'><strong>superiore</strong></span> <span class='ocrx_word' id='word_1_32' title='bbox 1131 1709 1270 1796; x_wconf 84' lang='lat' dir='ltr'><strong>peracta</strong></span> <span class='ocrx_word' id='word_1_33' title='bbox 1280 1699 1464 1794; x_wconf 67' lang='lat' dir='ltr'><strong>tragoedia,</strong></span> <span class='ocrx_word' id='word_1_34' title='bbox 1479 1722 1558 1772; x_wconf 91' lang='lat' dir='ltr'><strong>cum</strong></span> <span class='ocrx_word' id='word_1_35' title='bbox 1578 1699 1662 1772; x_wconf 84' lang='lat' dir='ltr'>nihil</span> 
     </span>
     <span class='ocr_line' id='line_1_7' title="bbox 682 1821 1665 1920; baseline -0.002 -25"><span class='ocrx_word' id='word_1_36' title='bbox 682 1822 1226 1920; x_wconf 80' lang='lat' dir='ltr'><strong>luturumampliussuspicaretur</strong></span> <span class='ocrx_word' id='word_1_37' title='bbox 1239 1821 1471 1909; x_wconf 88' lang='lat' dir='ltr'><strong>Smotriscius,</strong></span> <span class='ocrx_word' id='word_1_38' title='bbox 1483 1821 1665 1915; x_wconf 81' lang='lat' dir='ltr'><strong>egredien-</strong></span> 
     </span>
     <span class='ocr_line' id='line_1_8' title="bbox 684 1942 1664 2042; baseline -0.002 -24"><span class='ocrx_word' id='word_1_39' title='bbox 684 1957 754 2018; x_wconf 90' lang='lat' dir='ltr'><strong>tem</strong></span> <span class='ocrx_word' id='word_1_40' title='bbox 771 1947 989 2042; x_wconf 90' lang='lat' dir='ltr'><strong>postmodum</strong></span> <span class='ocrx_word' id='word_1_41' title='bbox 1002 1965 1123 2016; x_wconf 86' lang='lat' dir='ltr'><strong>eorum</strong></span> <span class='ocrx_word' id='word_1_42' title='bbox 1134 1942 1324 2015; x_wconf 77' lang='lat' dir='ltr'><strong>cumulavit</strong></span> <span class='ocrx_word' id='word_1_43' title='bbox 1336 1952 1371 2014; x_wconf 89' lang='lat' dir='ltr'><strong>et</strong></span> <span class='ocrx_word' id='word_1_44' title='bbox 1384 1942 1664 2038; x_wconf 89' lang='lat' dir='ltr'><strong>ipseprocessio·</strong></span> 
     </span>
     <span class='ocr_line' id='line_1_9' title="bbox 679 2063 1664 2154; baseline -0.002 -14"><span class='ocrx_word' id='word_1_45' title='bbox 679 2091 778 2140; x_wconf 89' lang='lat' dir='ltr'><strong>nem.</strong></span> <span class='ocrx_word' id='word_1_46' title='bbox 801 2069 889 2154; x_wconf 85' lang='lat' dir='ltr'><strong>Quin</strong></span> <span class='ocrx_word' id='word_1_47' title='bbox 903 2069 1007 2140; x_wconf 90' lang='lat' dir='ltr'><strong>etiam</strong></span> <span class='ocrx_word' id='word_1_48' title='bbox 1021 2065 1065 2137; x_wconf 90' lang='lat' dir='ltr'><strong>ad</strong></span> <span class='ocrx_word' id='word_1_49' title='bbox 1081 2086 1177 2138; x_wconf 89' lang='lat' dir='ltr'><strong>sacra</strong></span> <span class='ocrx_word' id='word_1_50' title='bbox 1192 2063 1319 2136; x_wconf 76' lang='lat' dir='ltr'><strong>festiva</strong></span> <span class='ocrx_word' id='word_1_51' title='bbox 1337 2086 1417 2137; x_wconf 90' lang='lat' dir='ltr'><strong>cum</strong></span> <span class='ocrx_word' id='word_1_52' title='bbox 1432 2065 1664 2139; x_wconf 82' lang='lat' dir='ltr'><strong>amaritudine</strong></span> 
     </span>
     <span class='ocr_line' id='line_1_10' title="bbox 679 2187 1664 2284; baseline -0.009 -17"><span class='ocrx_word' id='word_1_53' title='bbox 679 2190 1155 2283; x_wconf 78' lang='lat' dir='ltr'><strong>&#39;accessitliturgiamlltecoe</strong></span> <span class='ocrx_word' id='word_1_54' title='bbox 1167 2187 1256 2260; x_wconf 86' lang='lat' dir='ltr'><strong>lectu</strong></span> <span class='ocrx_word' id='word_1_55' title='bbox 1265 2188 1471 2284; x_wconf 79' lang='lat' dir='ltr'><strong>Evangelio,</strong></span> <span class='ocrx_word' id='word_1_56' title='bbox 1492 2187 1664 2261; x_wconf 87' lang='lat' dir='ltr'><strong>llilnensis</strong></span> 
     </span>
     <span class='ocr_line' id='line_1_11' title="bbox 685 2309 1663 2388; baseline -0.004 -1"><span class='ocrx_word' id='word_1_57' title='bbox 685 2314 952 2388; x_wconf 84' lang='lat' dir='ltr'><strong>archimandriae</strong></span> <span class='ocrx_word' id='word_1_58' title='bbox 974 2321 1009 2382; x_wconf 90' lang='lat' dir='ltr'><strong>et</strong></span> <span class='ocrx_word' id='word_1_59' title='bbox 1026 2309 1217 2384; x_wconf 86' lang='lat' dir='ltr'><strong>Smetrisoii</strong></span> <span class='ocrx_word' id='word_1_60' title='bbox 1233 2309 1383 2384; x_wconf 87' lang='lat' dir='ltr'><strong>vicarius</strong></span> <span class='ocrx_word' id='word_1_61' title='bbox 1390 2310 1589 2384; x_wconf 87' lang='lat' dir='ltr'><strong>cathedram</strong></span> <span class='ocrx_word' id='word_1_62' title='bbox 1603 2331 1663 2383; x_wconf 85' lang='lat' dir='ltr'><strong>as-</strong></span> 
     </span>
     <span class='ocr_line' id='line_1_12' title="bbox 684 2433 1662 2534; baseline -0.008 -22"><span class='ocrx_word' id='word_1_63' title='bbox 684 2439 834 2512; x_wconf 89' lang='lat' dir='ltr'><strong>cendere</strong></span> <span class='ocrx_word' id='word_1_64' title='bbox 851 2436 1040 2534; x_wconf 83' lang='lat' dir='ltr'><strong>:praesnles</strong></span> <span class='ocrx_word' id='word_1_65' title='bbox 1055 2445 1090 2506; x_wconf 91' lang='lat' dir='ltr'><strong>et</strong></span> <span class='ocrx_word' id='word_1_66' title='bbox 1104 2434 1218 2508; x_wconf 87' lang='lat' dir='ltr'><strong>clerus</strong></span> <span class='ocrx_word' id='word_1_67' title='bbox 1239 2456 1286 2505; x_wconf 84' lang='lat' dir='ltr'><strong>ex</strong></span> <span class='ocrx_word' id='word_1_68' title='bbox 1306 2433 1421 2531; x_wconf 81' lang='lat' dir='ltr'><strong>adytis</strong></span> <span class='ocrx_word' id='word_1_69' title='bbox 1449 2433 1662 2506; x_wconf 90' lang='lat' dir='ltr'><strong>inmedium</strong></span> 
     </span>
     <span class='ocr_line' id='line_1_13' title="bbox 686 2553 1674 2655; baseline -0.007 -21"><span class='ocrx_word' id='word_1_70' title='bbox 686 2560 843 2634; x_wconf 84' lang='lat' dir='ltr'><strong>ecclesiae</strong></span> <span class='ocrx_word' id='word_1_71' title='bbox 857 2558 998 2655; x_wconf 90' lang='lat' dir='ltr'><strong>prodire</strong></span> <span class='ocrx_word' id='word_1_72' title='bbox 1010 2557 1163 2630; x_wconf 89' lang='lat' dir='ltr'><strong>:chartas</strong></span> <span class='ocrx_word' id='word_1_73' title='bbox 1176 2553 1340 2652; x_wconf 77' lang='lat' dir='ltr'><strong>Apulopin</strong></span> <span class='ocrx_word' id='word_1_74' title='bbox 1356 2565 1391 2628; x_wconf 92' lang='lat' dir='ltr'><strong>et</strong></span> <span class='ocrx_word' id='word_1_75' title='bbox 1402 2577 1523 2629; x_wconf 86' lang='lat' dir='ltr'><strong>nereos</strong></span> <span class='ocrx_word' id='word_1_76' title='bbox 1536 2575 1674 2652; x_wconf 49' lang='lat' dir='ltr'><strong>accen,</strong></span> 
     </span>
     <span class='ocr_line' id='line_1_14' title="bbox 684 2675 1664 2754; baseline -0.003 0"><span class='ocrx_word' id='word_1_77' title='bbox 684 2703 741 2754; x_wconf 90' lang='lat' dir='ltr'><strong>sos</strong></span> <span class='ocrx_word' id='word_1_78' title='bbox 751 2679 1021 2753; x_wconf 82' lang='lat' dir='ltr'><strong>archimandrita</strong></span> <span class='ocrx_word' id='word_1_79' title='bbox 1038 2675 1249 2750; x_wconf 88' lang='lat' dir='ltr'><strong>distribuere</strong></span> <span class='ocrx_word' id='word_1_80' title='bbox 1264 2705 1273 2747; x_wconf 91' lang='lat'>:</span> <span class='ocrx_word' id='word_1_81' title='bbox 1289 2678 1326 2748; x_wconf 92' lang='lat' dir='ltr'><strong>in</strong></span> <span class='ocrx_word' id='word_1_82' title='bbox 1337 2677 1503 2751; x_wconf 72' lang='lat' dir='ltr'><strong>cathedra</strong></span> <span class='ocrx_word' id='word_1_83' title='bbox 1513 2678 1664 2752; x_wconf 88' lang='lat' dir='ltr'><strong>vicarius</strong></span> 
     </span>
     <span class='ocr_line' id='line_1_15' title="bbox 684 2799 1663 2894; baseline -0.001 -22"><span class='ocrx_word' id='word_1_84' title='bbox 684 2801 743 2873; x_wconf 91' lang='lat' dir='ltr'><strong>ille</strong></span> <span class='ocrx_word' id='word_1_85' title='bbox 771 2800 1023 2873; x_wconf 78' lang='lat' dir='ltr'><strong>abdicationem</strong></span> <span class='ocrx_word' id='word_1_86' title='bbox 1047 2799 1244 2871; x_wconf 30' lang='lat' dir='ltr'><strong>*Smotriscii</strong></span> <span class='ocrx_word' id='word_1_87' title='bbox 1261 2800 1454 2894; x_wconf 77' lang='lat' dir='ltr'><strong>praelegere</strong></span> <span class='ocrx_word' id='word_1_88' title='bbox 1479 2799 1663 2872; x_wconf 86' lang='lat' dir='ltr'><strong>:chartam</strong></span> 
     </span>
     <span class='ocr_line' id='line_1_16' title="bbox 685 2923 1665 3023; baseline -0.001 -26"><span class='ocrx_word' id='word_1_89' title='bbox 685 2923 850 3023; x_wconf 71' lang='lat' dir='ltr'><strong>Apoluploe</strong></span> <span class='ocrx_word' id='word_1_90' title='bbox 860 2926 1027 3011; x_wconf 87' lang='lat' dir='ltr'><strong>lacerare,</strong></span> <span class='ocrx_word' id='word_1_91' title='bbox 1035 2923 1293 3019; x_wconf 86' lang='lat' dir='ltr'><strong>projicereque:</strong></span> <span class='ocrx_word' id='word_1_92' title='bbox 1306 2923 1488 2996; x_wconf 86' lang='lat' dir='ltr'><strong>Boreccius</strong></span> <span class='ocrx_word' id='word_1_93' title='bbox 1501 2944 1665 2996; x_wconf 81' lang='lat' dir='ltr'><strong>verume</strong></span> 
     </span>
     <span class='ocr_line' id='line_1_17' title="bbox 687 3046 1665 3144; baseline -0.004 -20"><span class='ocrx_word' id='word_1_94' title='bbox 687 3049 914 3144; x_wconf 87' lang='lat' dir='ltr'><strong>tropolitauus</strong></span> <span class='ocrx_word' id='word_1_95' title='bbox 929 3047 1077 3120; x_wconf 90' lang='lat' dir='ltr'><strong>humero</strong></span> <span class='ocrx_word' id='word_1_96' title='bbox 1095 3056 1197 3118; x_wconf 87' lang='lat' dir='ltr'><strong>tenus</strong></span> <span class='ocrx_word' id='word_1_97' title='bbox 1210 3047 1313 3120; x_wconf 89' lang='lat' dir='ltr'><strong>altius</strong></span> <span class='ocrx_word' id='word_1_98' title='bbox 1331 3047 1421 3131; x_wconf 90' lang='lat' dir='ltr'><strong>aliis,</strong></span> <span class='ocrx_word' id='word_1_99' title='bbox 1436 3069 1514 3118; x_wconf 89' lang='lat' dir='ltr'><strong>cum</strong></span> <span class='ocrx_word' id='word_1_100' title='bbox 1532 3046 1665 3120; x_wconf 86' lang='lat' dir='ltr'><strong>Lneeo-</strong></span> 
     </span>
     <span class='ocr_line' id='line_1_18' title="bbox 687 3167 1663 3266; baseline -0.001 -21"><span class='ocrx_word' id='word_1_101' title='bbox 687 3175 792 3246; x_wconf 89' lang='lat' dir='ltr'><strong>riensi</strong></span> <span class='ocrx_word' id='word_1_102' title='bbox 810 3172 1000 3246; x_wconf 76' lang='lat' dir='ltr'><strong>consistens</strong></span> <span class='ocrx_word' id='word_1_103' title='bbox 1012 3171 1188 3266; x_wconf 88' lang='lat' dir='ltr'><strong>episcopo,</strong></span> <span class='ocrx_word' id='word_1_104' title='bbox 1199 3167 1398 3266; x_wconf 61' lang='lat' dir='ltr'><strong>apalmiam,</strong></span> <span class='ocrx_word' id='word_1_105' title='bbox 1416 3181 1452 3242; x_wconf 91' lang='lat' dir='ltr'><strong>et</strong></span> <span class='ocrx_word' id='word_1_106' title='bbox 1467 3171 1663 3244; x_wconf 86' lang='lat' dir='ltr'><strong>Cassianum</strong></span> 
     </span>
     <span class='ocr_line' id='line_1_19' title="bbox 689 3294 1663 3380; baseline -0.005 -9"><span class='ocrx_word' id='word_1_107' title='bbox 689 3295 991 3371; x_wconf 83' lang='lat' dir='ltr'><strong>archimandritam</strong></span> <span class='ocrx_word' id='word_1_108' title='bbox 1007 3295 1243 3380; x_wconf 88' lang='lat' dir='ltr'><strong>Duhnensem,</strong></span> <span class='ocrx_word' id='word_1_109' title='bbox 1261 3313 1383 3365; x_wconf 86' lang='lat' dir='ltr'><strong>recens</strong></span> <span class='ocrx_word' id='word_1_110' title='bbox 1403 3294 1549 3380; x_wconf 89' lang='lat' dir='ltr'><strong>uuit-um,</strong></span> <span class='ocrx_word' id='word_1_111' title='bbox 1566 3295 1663 3366; x_wconf 87' lang='lat' dir='ltr'><strong>Smn-</strong></span> 
     </span>
     <span class='ocr_line' id='line_1_20' title="bbox 688 3416 1666 3514; baseline -0.002 -23"><span class='ocrx_word' id='word_1_112' title='bbox 688 3419 797 3491; x_wconf 87' lang='lat' dir='ltr'><strong>triscii</strong></span> <span class='ocrx_word' id='word_1_113' title='bbox 809 3428 1079 3514; x_wconf 86' lang='lat' dir='ltr'><strong>cooperatorem,</strong></span> <span class='ocrx_word' id='word_1_114' title='bbox 1099 3417 1319 3488; x_wconf 87' lang='lat' dir='ltr'><strong>anathemata</strong></span> <span class='ocrx_word' id='word_1_115' title='bbox 1336 3416 1538 3510; x_wconf 87' lang='lat' dir='ltr'><strong>percellere,</strong></span> <span class='ocrx_word' id='word_1_116' title='bbox 1558 3418 1666 3489; x_wconf 80' lang='lat' dir='ltr'><strong>char-</strong></span> 
     </span>
     <span class='ocr_line' id='line_1_21' title="bbox 690 3538 1665 3640; baseline -0.001 -24"><span class='ocrx_word' id='word_1_117' title='bbox 690 3555 744 3616; x_wconf 87' lang='lat' dir='ltr'><strong>tas</strong></span> <span class='ocrx_word' id='word_1_118' title='bbox 761 3545 1127 3640; x_wconf 64' lang='lat' dir='ltr'><strong>discerpere-cereum</strong></span> <span class='ocrx_word' id='word_1_119' title='bbox 1148 3539 1375 3631; x_wconf 83' lang='lat' dir='ltr'><strong>restinguere.</strong></span> <span class='ocrx_word' id='word_1_120' title='bbox 1395 3538 1490 3612; x_wconf 87' lang='lat' dir='ltr'><strong>ldem</strong></span> <span class='ocrx_word' id='word_1_121' title='bbox 1507 3563 1551 3614; x_wconf 91' lang='lat' dir='ltr'><strong>ea</strong></span> <span class='ocrx_word' id='word_1_122' title='bbox 1568 3565 1665 3638; x_wconf 84' lang='lat' dir='ltr'><strong>prae-</strong></span> 
     </span>
     <span class='ocr_line' id='line_1_22' title="bbox 688 3661 1662 3760; baseline -0.003 -22"><span class='ocrx_word' id='word_1_123' title='bbox 688 3676 794 3738; x_wconf 87' lang='lat' dir='ltr'><strong>eunte</strong></span> <span class='ocrx_word' id='word_1_124' title='bbox 818 3664 956 3736; x_wconf 79' lang='lat' dir='ltr'><strong>executi</strong></span> <span class='ocrx_word' id='word_1_125' title='bbox 980 3663 1051 3735; x_wconf 93' lang='lat' dir='ltr'><strong>alii.</strong></span> <span class='ocrx_word' id='word_1_126' title='bbox 1081 3663 1137 3734; x_wconf 86' lang='lat' dir='ltr'><strong>Sin</strong></span> <span class='ocrx_word' id='word_1_127' title='bbox 1158 3661 1249 3733; x_wconf 89' lang='lat' dir='ltr'><strong>victa</strong></span> <span class='ocrx_word' id='word_1_128' title='bbox 1274 3661 1433 3747; x_wconf 85' lang='lat' dir='ltr'><strong>veritate,</strong></span> <span class='ocrx_word' id='word_1_129' title='bbox 1458 3664 1589 3758; x_wconf 86' lang='lat' dir='ltr'><strong>stupuit</strong></span> <span class='ocrx_word' id='word_1_130' title='bbox 1599 3685 1662 3760; x_wconf 93' lang='lat' dir='ltr'><strong>op-</strong></span> 
     </span>
     <span class='ocr_line' id='line_1_23' title="bbox 683 3783 1665 3885; baseline -0.004 -24"><span class='ocrx_word' id='word_1_131' title='bbox 683 3809 808 3885; x_wconf 87' lang='lat' dir='ltr'><strong>pressa</strong></span> <span class='ocrx_word' id='word_1_132' title='bbox 820 3787 907 3861; x_wconf 88' lang='lat' dir='ltr'><strong>fides</strong></span> <span class='ocrx_word' id='word_1_133' title='bbox 919 3791 926 3856; x_wconf 89' lang='lat' dir='ltr'><strong>l</strong></span> <span class='ocrx_word' id='word_1_134' title='bbox 938 3786 1056 3860; x_wconf 84' lang='lat' dir='ltr'><strong>laetata</strong></span> <span class='ocrx_word' id='word_1_135' title='bbox 1070 3783 1202 3882; x_wconf 85' lang='lat' dir='ltr'><strong>perlida</strong></span> <span class='ocrx_word' id='word_1_136' title='bbox 1215 3783 1435 3879; x_wconf 87' lang='lat' dir='ltr'><strong>improbitasl</strong></span> <span class='ocrx_word' id='word_1_137' title='bbox 1452 3785 1665 3882; x_wconf 88' lang='lat' dir='ltr'><strong>triumphum</strong></span> 
     </span>
     <span class='ocr_line' id='line_1_24' title="bbox 683 3907 1666 4004; baseline 0.001 -23"><span class='ocrx_word' id='word_1_138' title='bbox 683 3920 788 4004; x_wconf 68' lang='lat' dir='ltr'><strong>‘pater</strong></span> <span class='ocrx_word' id='word_1_139' title='bbox 804 3910 976 3983; x_wconf 84' lang='lat' dir='ltr'><strong>haeresum</strong></span> <span class='ocrx_word' id='word_1_140' title='bbox 993 3908 1144 3981; x_wconf 91' lang='lat' dir='ltr'><strong>occinuit</strong></span> <span class='ocrx_word' id='word_1_141' title='bbox 1160 3912 1281 3979; x_wconf 82' lang='lat' dir='ltr'><strong>orcus!</strong></span> <span class='ocrx_word' id='word_1_142' title='bbox 1307 3907 1425 3980; x_wconf 86' lang='lat' dir='ltr'><strong>llussia</strong></span> <span class='ocrx_word' id='word_1_143' title='bbox 1438 3928 1527 3980; x_wconf 78' lang='lat' dir='ltr'><strong>uero</strong></span> <span class='ocrx_word' id='word_1_144' title='bbox 1543 3909 1666 3982; x_wconf 89' lang='lat' dir='ltr'><strong>ortho-</strong></span> 
     </span>
     <span class='ocr_line' id='line_1_25' title="bbox 690 4027 1665 4114; baseline -0.002 -10"><span class='ocrx_word' id='word_1_145' title='bbox 690 4031 782 4104; x_wconf 84' lang='lat' dir='ltr'><strong>doxa</strong></span> <span class='ocrx_word' id='word_1_146' title='bbox 800 4041 941 4103; x_wconf 83' lang='lat' dir='ltr'><strong>exutam</strong></span> <span class='ocrx_word' id='word_1_147' title='bbox 958 4028 1094 4114; x_wconf 84' lang='lat' dir='ltr'><strong>selide,</strong></span> <span class='ocrx_word' id='word_1_148' title='bbox 1111 4039 1146 4100; x_wconf 89' lang='lat' dir='ltr'><strong>et</strong></span> <span class='ocrx_word' id='word_1_149' title='bbox 1167 4027 1301 4100; x_wconf 86' lang='lat' dir='ltr'><strong>firmate</strong></span> <span class='ocrx_word' id='word_1_150' title='bbox 1315 4027 1470 4100; x_wconf 88' lang='lat' dir='ltr'><strong>indutam</strong></span> <span class='ocrx_word' id='word_1_151' title='bbox 1487 4029 1665 4104; x_wconf 75' lang='lat' dir='ltr'><strong>haereseon</strong></span> 
     </span>
     <span class='ocr_line' id='line_1_26' title="bbox 689 4152 1666 4248; baseline 0 -22"><span class='ocrx_word' id='word_1_152' title='bbox 689 4153 876 4226; x_wconf 80' lang='lat' dir='ltr'><strong>dominata!</strong></span> <span class='ocrx_word' id='word_1_153' title='bbox 902 4152 1016 4248; x_wconf 84' lang='lat' dir='ltr'><strong>Atque</strong></span> <span class='ocrx_word' id='word_1_154' title='bbox 1037 4154 1083 4225; x_wconf 90' lang='lat' dir='ltr'><strong>ita</strong></span> <span class='ocrx_word' id='word_1_155' title='bbox 1102 4152 1242 4224; x_wconf 89' lang='lat' dir='ltr'><strong>demum</strong></span> <span class='ocrx_word' id='word_1_156' title='bbox 1256 4153 1397 4238; x_wconf 76' lang='lat' dir='ltr'><strong>zizanii,</strong></span> <span class='ocrx_word' id='word_1_157' title='bbox 1413 4152 1584 4238; x_wconf 88' lang='lat' dir='ltr'><strong>Philaleti,</strong></span> <span class='ocrx_word' id='word_1_158' title='bbox 1603 4156 1666 4226; x_wconf 91' lang='lat' dir='ltr'><strong>Or-</strong></span> 
     </span>
     <span class='ocr_line' id='line_1_27' title="bbox 689 4274 1661 4369; baseline 0.002 -22"><span class='ocrx_word' id='word_1_159' title='bbox 689 4274 831 4367; x_wconf 81' lang='lat' dir='ltr'><strong>thulogi,</strong></span> <span class='ocrx_word' id='word_1_160' title='bbox 864 4276 984 4347; x_wconf 87' lang='lat' dir='ltr'><strong>Clerici</strong></span> <span class='ocrx_word' id='word_1_161' title='bbox 1011 4276 1226 4369; x_wconf 91' lang='lat' dir='ltr'><strong>aliorumque</strong></span> <span class='ocrx_word' id='word_1_162' title='bbox 1251 4274 1427 4347; x_wconf 83' lang='lat' dir='ltr'><strong>salutifera</strong></span> <span class='ocrx_word' id='word_1_163' title='bbox 1445 4287 1661 4365; x_wconf 85' lang='lat' dir='ltr'><strong>commenta,</strong></span> 
     </span>
     <span class='ocr_line' id='line_1_28' title="bbox 689 4393 1662 4492; baseline 0 -26"><span class='ocrx_word' id='word_1_164' title='bbox 689 4398 869 4492; x_wconf 73' lang='lat' dir='ltr'><strong>praeclarae</strong></span> <span class='ocrx_word' id='word_1_165' title='bbox 895 4398 1134 4492; x_wconf 83' lang='lat' dir='ltr'><strong>blasphemiae,</strong></span> <span class='ocrx_word' id='word_1_166' title='bbox 1155 4398 1295 4469; x_wconf 88' lang='lat' dir='ltr'><strong>nimium</strong></span> <span class='ocrx_word' id='word_1_167' title='bbox 1319 4393 1662 4490; x_wconf 78' lang='lat' dir='ltr'><strong>proficuaehaereses,</strong></span> 
     </span>
    </p>
   </div>
   <div class='ocr_carea' id='block_1_3' title="bbox 0 0 2060 6004">
    <p class='ocr_par' dir='ltr' id='par_1_4' title="bbox 0 0 2060 6004">
     <span class='ocr_line' id='line_1_29' title="bbox 0 0 2060 6004; baseline 0 0"><span class='ocrx_word' id='word_1_168' title='bbox 0 0 2060 6004; x_wconf 95' lang='lat' dir='ltr'><strong> </strong></span> 
     </span>
    </p>
   </div>
  </div>
 </body>
</html>
