4100 6009
775 853 956 919 -nta-

367 1079 448 1141 ante
463 1065 634 1164 synodum
647 1066 741 1138 clare
758 1064 919 1139 omnibus
937 1063 1099 1156 colligere
1123 1066 1238 1153 liceat,
1257 1090 1338 1162 qun-

366 1214 446 1265 nam
474 1192 630 1265 laborent
655 1189 885 1285 aegritudine?
909 1210 977 1283 quo
1000 1187 1132 1261 mederi
1149 1190 1214 1284 ipsi
1235 1195 1342 1286 possit

365 1314 541 1387 antidoto?
569 1313 640 1385 Nec
670 1311 830 1384 humanis
853 1331 907 1396 ea,
942 1309 1004 1381 sed
1035 1307 1164 1382 divinis
1182 1323 1344 1406 pensaret

366 1434 569 1506 rationibus.
588 1433 731 1506 Miseros
746 1454 822 1504 esse
833 1431 893 1527 qui
911 1431 1027 1503 dicant
1049 1431 1179 1503 bonum
1196 1434 1338 1522 malum,

365 1568 401 1630 et
417 1559 544 1632 malum
555 1555 698 1630 bonum.

421 1707 440 1744 a
452 1677 704 1771 Aegritutinem
720 1676 833 1770 gentis
869 1697 942 1749 sure
969 1673 1145 1764 lethalem,
1162 1681 1288 1753 seriam
1303 1685 1349 1756 ab

368 1804 451 1898 ipsis
463 1812 501 1875 ut
513 1799 656 1874 medicis
680 1821 797 1872 curam
814 1797 1004 1894 postulare;
1027 1820 1107 1871 cum
1121 1803 1156 1872 in
1173 1823 1215 1875 ea
1227 1805 1349 1878 salutis

367 1921 472 1997 cardo
487 1931 654 1995 vertatur.
676 1921 828 2006 Quarum
845 1921 1065 2016 perniciema
1080 1923 1152 1995 Deo
1165 1921 1210 1994 de
1225 1926 1344 1997 mani-

367 2045 434 2118 bus
471 2055 665 2140 pastorum,
694 2045 770 2139 plus
801 2065 907 2140 qnam
928 2043 1094 2130 severius,
1118 2043 1350 2140 exigendam·

368 2165 536 2240 Eumdem
564 2165 706 2260 insuper
738 2181 808 2238 tam
836 2186 980 2260 gravem
1008 2167 1180 2254 morbum,
1212 2168 1346 2241 acriore

368 2311 471 2390 egere
500 2289 657 2377 medela;
686 2310 765 2385 quae
793 2287 969 2362 morbidos
997 2287 1042 2361 ad
1072 2289 1182 2383 ipsum
1206 2301 1349 2384 cogeret

367 2398 653 2509 pernoscendum.
675 2411 718 2484 Et
730 2412 811 2486 licet
823 2433 902 2485 eum
918 2413 1005 2504 {egri
1020 2432 1134 2507 neque
1145 2423 1339 2499 noscerent,

369 2535 522 2632 neqneei
538 2533 692 2609 curando
706 2534 861 2609 medicos
873 2533 1115 2621 admitterent;
1136 2536 1220 2630 ipsis
1232 2546 1347 2610 tamen

369 2659 418 2730 uti
446 2655 591 2731 medicis
615 2665 650 2729 et
669 2655 873 2750 dignoscere
901 2666 970 2728 tarn
999 2655 1147 2729 arduum
1176 2639 1347 2730 medidatu

369 2781 518 2865 malum,
553 2790 588 2851 et
616 2776 779 2850 radicitus
808 2779 948 2864 eruere,
986 2787 1061 2850 esto
1096 2779 1348 2874 refragantibus

370 2900 485 2994 aegris,
502 2919 693 2974 necessum.
713 2897 812 2987 Quod
825 2899 855 2971 si
868 2899 1018 2993 cuipiam
1033 2899 1079 2972 de
1091 2921 1132 2972 ea
1150 2899 1348 2972 valetudine

370 3032 406 3094 et
431 3023 626 3119 pharmacis
654 3021 786 3118 aliquid
820 3021 1040 3118 displiceret,
1071 3023 1282 3096 inanimam
1310 3016 1348 3095 id

370 3164 467 3218 suam
483 3166 682 3232 assumere;
709 3165 896 3239 coramque
909 3145 968 3216 illo
980 3145 1056 3240 ipso
1072 3143 1195 3217 litteris
1207 3144 1248 3217 iis
1263 3165 1348 3218 cor-

370 3265 465 3339 dium
479 3275 672 3361 spectatore
688 3266 758 3340 Deo
770 3265 910 3339 abluere
926 3287 963 3338 se
978 3287 1121 3352 manus;
1139 3275 1176 3337 et
1187 3267 1232 3339 ab
1248 3267 1345 3339 ulte-

370 3389 461 3462 riore
488 3389 679 3482 ignorantis
702 3411 813 3484 eoque
841 3391 916 3484 ipso
936 3389 1113 3484 pereuntis
1137 3388 1250 3483 gentis
1274 3411 1348 3463 suae

371 3510 553 3597 occisione,
589 3532 711 3605 purum
745 3495 1022 3583 contestarisNe
1038 3509 1123 3583 illud
1140 3510 1348 3606 quandoque

372 3632 437 3705 sihi
456 3643 673 3729 opponatur:
704 3633 755 3704 Voe
775 3630 862 3704 vodis
886 3630 1091 3731 lepitpert'tt's,
1119 3631 1196 3731 puin
1226 3631 1348 3705 tulistis

372 3750 489 3826 οἱαυοω
503 3753 669 3828 edentia:
687 3755 752 3854 ipsi
767 3781 829 3829 nou
852 3755 1019 3844 introistis,
1035 3768 1064 3828 et
1078 3780 1129 3828 coo
1153 3756 1210 3855 qut
1233 3755 1347 3830 intru-

374 3873 460 3964 dunt,
488 3875 705 3974 prolibmrtie.
723 3880 907 3976 Peroptare
927 3880 1069 3954 demum
1086 3900 1279 3974 orareque,
1311 3892 1349 3953 ut

376 3999 449 4094 ipse
473 3999 670 4073 Altissimus
692 4002 838 4074 futuram
856 4002 1026 4097 synodum
1045 4023 1109 4097 pro
1134 4003 1281 4075 nominis
1296 4004 1350 4092 sui

376 4123 498 4218 gloria,
514 4146 577 4218 pro
594 4125 720 4197 unione
737 4127 894 4200 ecclesiae
915 4127 1085 4212 ruthenae,
1103 4128 1348 4222 quamoptime

377 4253 503 4330 nosset,
522 4244 673 4338 dirigere
689 4247 806 4319 vellet.
837 4278 856 4316 n
