4100 6009
786 844 949 907 -ῃ-

376 1048 470 1121 milia
492 1069 597 1143 opera
617 1070 692 1137 sua,
708 1050 783 1121 luce
800 1050 928 1122 donata
950 1077 957 1120 :
978 1051 1155 1144 inquibus
1177 1058 1353 1151 propalam

377 1174 501 1245 laletur'
513 1196 564 1260 so,
578 1173 799 1267 quolongius
812 1174 1048 1269 processisset,
1069 1196 1111 1247 eo
1128 1176 1296 1251 leuiorem
1317 1182 1351 1251 iu

375 1296 648 1391 perstringendis
671 1295 754 1370 fidoi
778 1296 999 1393 dogmatibus
1027 1299 1209 1373 calholicae
1233 1300 1349 1374 luisse.

374 1418 520 1490 Domum
531 1419 651 1492 asserit
667 1441 706 1491 ss
725 1420 912 1492 Tractatum
927 1420 966 1493 de
981 1419 1112 1517 Spiritu
1119 1419 1245 1508 Somolo,
1260 1445 1356 1496 more

374 1542 654 1637 syllogismorum
672 1566 734 1638 psr
748 1544 889 1618 Graecos
904 1544 1086 1631 Romanis,
1106 1568 1169 1640 per
1184 1548 1355 1620 Romanos

375 1665 508 1741 Graecis
520 1666 625 1759 objici
641 1660 834 1755 solitorum,
851 1666 1083 1742 contexuisse.
1100 1668 1169 1743 Sed
1185 1672 1265 1763 quia
1277 1673 1356 1745 vil-

376 1809 484 1861 nense
505 1789 691 1863 claustrum
713 1801 750 1863 el
773 1790 971 1864 sodalitium
992 1790 1247 1865 schismaticum
1267 1794 1355 1866 adso

375 1921 568 1999 exarserat,
590 1923 628 1983 ul
649 1913 816 1985 tumultus
831 1911 994 2003 majores,
1012 1934 1118 2008 quam
1139 1914 1269 1987 fructus
1285 1913 1353 1987 lie-

373 2033 616 2119 rent,sileulio
624 2034 1090 2123 involvisselarumtamen,
1100 2036 1225 2107 iterum
1233 2035 1354 2128 spiritu

374 2153 658 2228 contradiolionis
680 2156 945 2250 ambitionisque
960 2157 1110 2243 excitus,
1133 2177 1224 2229 anuo
1241 2156 1351 2244 wil,

375 2278 480 2351 aliam
506 2280 543 2351 iu
570 2290 723 2353 sanomm
747 2280 929 2353 soalosiam
960 2279 1135 2377 fidamque
1152 2278 1354 2353 catholicam

373 2401 571 2493 divulgavit
608 2400 754 2489 librum;
791 2402 953 2497 squidem
989 2403 1143 2477 innoxiis
1186 2402 1354 2475 Rulhauis

375 2546 544 2620 perquam
551 2526 709 2612 noxium,
723 2525 786 2599 sod
798 2525 864 2600 sub
876 2527 956 2599 valo
968 2536 1004 2599 ol
1017 2526 1117 2600 tilulo
1126 2523 1355 2623 Verifioaliooir

375 2646 560 2720 ennomus
577 2649 829 2746 perplaoidum.
848 2650 899 2724 llo
911 2650 1003 2723 bsoe
1026 2648 1073 2722 ab
1088 2649 1194 2723 ubilis
1205 2650 1353 2745 propul-

374 2782 465 2859 sato,
482 2772 579 2846 aliud
592 2773 717 2846 eodem
730 2792 821 2845 auno
832 2775 995 2847 volumen
1005 2771 1211 2861 extradidit,
1230 2772 1352 2871 Dasm-

374 2894 552 2993 aioormqoe
569 2895 798 2994 oerifioolioois
828 2896 1048 2989 indigitavit,
1091 2906 1209 2990 paruus
1240 2898 1354 2992 potius

374 3016 524 3111 mpsrini
546 3017 661 3111 slogio
681 3017 933 3111 dignissimum.
962 3016 1096 3102 Quibus
1122 3016 1232 3090 veluti
1253 3038 1351 3106 auro,

375 3139 438 3213 sod
449 3140 656 3229 adulterino,
676 3152 842 3236 tauquam
857 3142 1007 3235 aliquam
1022 3160 1208 3234 gemmam,
1227 3141 1290 3214 sad
1305 3162 1354 3215 ex

375 3262 607 3336 Aobsronlaeo
618 3264 720 3350 mari,
732 3260 1053 3355 adjecitElencbam,
1064 3263 1205 3349 librum,
1217 3261 1355 3335 utinlra

374 3384 572 3475 videbitur,
595 3366 880 3482 oerdilissimumss
905 3387 982 3471 Quo
1007 3408 1078 3459 nou
1100 3385 1205 3458 modo
1221 3384 1356 3458 animos

374 3530 519 3587 suorum
542 3510 601 3583 ille
633 3513 671 3582 irr
691 3510 867 3608 pervicaci
891 3508 1042 3583 obdurat
1064 3504 1267 3599 schismata,
1292 3510 1356 3583 sod

375 3633 481 3705 etiam
497 3654 580 3726 quae
604 3632 641 3704 iu
656 3634 809 3705 Murato
834 3633 981 3727 aliisquo
995 3630 1261 3727 parricidalibus
1281 3655 1353 3705 mo-

375 3756 551 3830 numentis
563 3767 781 3843 exaraverat,
798 3755 981 3829 ooufirmat
996 3752 1201 3850 probatque.

605 4036 1127 4094 *Μ*
