<?xml version="1.0" encoding="UTF-8"?>
<!DOCTYPE html PUBLIC "-//W3C//DTD XHTML 1.0 Transitional//EN"
    "http://www.w3.org/TR/xhtml1/DTD/xhtml1-transitional.dtd">
<html xmlns="http://www.w3.org/1999/xhtml" xml:lang="en" lang="en">
 <head>
  <title>
</title>
<meta http-equiv="Content-Type" content="text/html;charset=utf-8" />
  <meta name='ocr-system' content='tesseract 3.04.00' />
  <meta name='ocr-capabilities' content='ocr_page ocr_carea ocr_par ocr_line ocrx_word'/>
</head>
<body>
  <div class='ocr_page' id='page_1' title='image "./saulusetpaulusr00martgoog_0158.png"; bbox 0 0 4100 6009; ppageno 0'>
   <div class='ocr_carea' id='block_1_1' title="bbox 1084 929 1355 1014">
    <p class='ocr_par' dir='ltr' id='par_1_1' title="bbox 1084 929 1355 1014">
     <span class='ocr_line' id='line_1_1' title="bbox 1084 929 1355 1014; baseline -0.007 0"><span class='ocrx_word' id='word_1_1' title='bbox 1084 951 1268 1014; x_wconf 42' lang='grc' dir='ltr'>-ιεεοᾖ</span> <span class='ocrx_word' id='word_1_2' title='bbox 1351 929 1355 935; x_wconf 79' lang='grc'><em>’</em></span> 
     </span>
    </p>
   </div>
   <div class='ocr_carea' id='block_1_2' title="bbox 692 1160 1764 2974">
    <p class='ocr_par' dir='ltr' id='par_1_2' title="bbox 697 1160 1676 1377">
     <span class='ocr_line' id='line_1_2' title="bbox 699 1160 1676 1247; baseline 0.001 -12"><span class='ocrx_word' id='word_1_3' title='bbox 699 1184 850 1235; x_wconf 91' lang='lat' dir='ltr'>amorem</span> <span class='ocrx_word' id='word_1_4' title='bbox 882 1160 1005 1234; x_wconf 87' lang='lat' dir='ltr'>Christi</span> <span class='ocrx_word' id='word_1_5' title='bbox 1031 1163 1109 1234; x_wconf 85' lang='lat' dir='ltr'>iesu</span> <span class='ocrx_word' id='word_1_6' title='bbox 1137 1161 1334 1247; x_wconf 81' lang='lat' dir='ltr'>obsecrans,</span> <span class='ocrx_word' id='word_1_7' title='bbox 1366 1161 1534 1234; x_wconf 86' lang='lat' dir='ltr'>velificari</span> <span class='ocrx_word' id='word_1_8' title='bbox 1567 1165 1603 1235; x_wconf 97' lang='lat' dir='ltr'>in</span> <span class='ocrx_word' id='word_1_9' title='bbox 1633 1186 1676 1236; x_wconf 92' lang='lat' dir='ltr'>eo</span> 
     </span>
     <span class='ocr_line' id='line_1_3' title="bbox 697 1283 1426 1377; baseline -0.003 -19"><span class='ocrx_word' id='word_1_10' title='bbox 697 1288 775 1370; x_wconf 86' lang='lat' dir='ltr'>sibi,</span> <span class='ocrx_word' id='word_1_11' title='bbox 795 1287 899 1358; x_wconf 91' lang='lat' dir='ltr'>etiam</span> <span class='ocrx_word' id='word_1_12' title='bbox 918 1306 998 1356; x_wconf 94' lang='lat' dir='ltr'>cum</span> <span class='ocrx_word' id='word_1_13' title='bbox 1011 1284 1138 1356; x_wconf 78' lang='lat' dir='ltr'>rubore</span> <span class='ocrx_word' id='word_1_14' title='bbox 1150 1286 1240 1376; x_wconf 88' lang='lat' dir='ltr'>ejus,</span> <span class='ocrx_word' id='word_1_15' title='bbox 1258 1283 1426 1377; x_wconf 80' lang='lat' dir='ltr'><strong>adigeret.</strong></span> 
     </span>
    </p>

    <p class='ocr_par' dir='ltr' id='par_1_3' title="bbox 692 1407 1764 2974">
     <span class='ocr_line' id='line_1_4' title="bbox 746 1407 1675 1503; baseline 0 -24"><span class='ocrx_word' id='word_1_16' title='bbox 746 1409 788 1479; x_wconf 86' lang='lat' dir='ltr'>Et</span> <span class='ocrx_word' id='word_1_17' title='bbox 807 1429 891 1480; x_wconf 89' lang='lat' dir='ltr'>vero</span> <span class='ocrx_word' id='word_1_18' title='bbox 915 1407 999 1479; x_wconf 85' lang='lat' dir='ltr'>nihil</span> <span class='ocrx_word' id='word_1_19' title='bbox 1024 1407 1059 1477; x_wconf 92' lang='lat' dir='ltr'>in</span> <span class='ocrx_word' id='word_1_20' title='bbox 1085 1417 1168 1480; x_wconf 90' lang='lat' dir='ltr'>nota</span> <span class='ocrx_word' id='word_1_21' title='bbox 1185 1407 1371 1500; x_wconf 89' lang='lat' dir='ltr'>ignotaque</span> <span class='ocrx_word' id='word_1_22' title='bbox 1397 1424 1501 1500; x_wconf 80' lang='lat' dir='ltr'>super</span> <span class='ocrx_word' id='word_1_23' title='bbox 1525 1408 1675 1503; x_wconf 86' lang='lat' dir='ltr'>seipsum</span> 
     </span>
     <span class='ocr_line' id='line_1_5' title="bbox 696 1529 1675 1639; baseline 0.001 -38"><span class='ocrx_word' id='word_1_24' title='bbox 696 1531 848 1601; x_wconf 85' lang='lat' dir='ltr'>exercita</span> <span class='ocrx_word' id='word_1_25' title='bbox 866 1530 1053 1639; x_wconf 78' lang='lat' dir='ltr'>severitate</span> <span class='ocrx_word' id='word_1_26' title='bbox 1067 1541 1102 1602; x_wconf 89' lang='lat' dir='ltr'>et</span> <span class='ocrx_word' id='word_1_27' title='bbox 1118 1530 1273 1602; x_wconf 90' lang='lat' dir='ltr'>toleratis</span> <span class='ocrx_word' id='word_1_28' title='bbox 1292 1529 1573 1616; x_wconf 69' lang='lat' dir='ltr'>adversitatibus,</span> <span class='ocrx_word' id='word_1_29' title='bbox 1592 1530 1675 1602; x_wconf 85' lang='lat' dir='ltr'>nihii</span> 
     </span>
     <span class='ocr_line' id='line_1_6' title="bbox 695 1653 1676 1750; baseline 0.003 -26"><span class='ocrx_word' id='word_1_30' title='bbox 695 1655 733 1724; x_wconf 92' lang='lat' dir='ltr'>in</span> <span class='ocrx_word' id='word_1_31' title='bbox 746 1663 796 1725; x_wconf 91' lang='lat' dir='ltr'>tot</span> <span class='ocrx_word' id='word_1_32' title='bbox 812 1654 996 1746; x_wconf 90' lang='lat' dir='ltr'>tantisque,</span> <span class='ocrx_word' id='word_1_33' title='bbox 1014 1676 1078 1750; x_wconf 90' lang='lat' dir='ltr'>pro</span> <span class='ocrx_word' id='word_1_34' title='bbox 1090 1664 1208 1726; x_wconf 87' lang='lat' dir='ltr'>sancta</span> <span class='ocrx_word' id='word_1_35' title='bbox 1224 1653 1368 1726; x_wconf 86' lang='lat' dir='ltr'>ecclesia</span> <span class='ocrx_word' id='word_1_36' title='bbox 1384 1654 1563 1727; x_wconf 80' lang='lat' dir='ltr'>exhaustis</span> <span class='ocrx_word' id='word_1_37' title='bbox 1575 1655 1676 1728; x_wconf 89' lang='lat' dir='ltr'>labo-</span> 
     </span>
     <span class='ocr_line' id='line_1_7' title="bbox 696 1774 1672 1870; baseline 0.004 -26"><span class='ocrx_word' id='word_1_38' title='bbox 696 1775 806 1860; x_wconf 88' lang='lat' dir='ltr'>ribus,</span> <span class='ocrx_word' id='word_1_39' title='bbox 824 1774 907 1847; x_wconf 86' lang='lat' dir='ltr'>nihii</span> <span class='ocrx_word' id='word_1_40' title='bbox 930 1777 964 1848; x_wconf 93' lang='lat' dir='ltr'>in</span> <span class='ocrx_word' id='word_1_41' title='bbox 994 1775 1156 1849; x_wconf 86' lang='lat' dir='ltr'>omuibus</span> <span class='ocrx_word' id='word_1_42' title='bbox 1172 1778 1284 1858; x_wconf 84' lang='lat' dir='ltr'>iactis,</span> <span class='ocrx_word' id='word_1_43' title='bbox 1302 1777 1417 1863; x_wconf 89' lang='lat' dir='ltr'>dictis,</span> <span class='ocrx_word' id='word_1_44' title='bbox 1433 1778 1672 1870; x_wconf 79' lang='lat' dir='ltr'>cogitatisque,</span> 
     </span>
     <span class='ocr_line' id='line_1_8' title="bbox 695 1896 1675 1992; baseline 0.002 -25"><span class='ocrx_word' id='word_1_45' title='bbox 695 1918 758 1990; x_wconf 91' lang='lat' dir='ltr'>pro</span> <span class='ocrx_word' id='word_1_46' title='bbox 785 1897 897 1969; x_wconf 87' lang='lat' dir='ltr'>sciet</span> <span class='ocrx_word' id='word_1_47' title='bbox 925 1899 1163 1991; x_wconf 84' lang='lat' dir='ltr'>proximorum</span> <span class='ocrx_word' id='word_1_48' title='bbox 1182 1897 1291 1968; x_wconf 87' lang='lat' dir='ltr'>salute</span> <span class='ocrx_word' id='word_1_49' title='bbox 1316 1898 1496 1992; x_wconf 87' lang='lat' dir='ltr'>susceptis,</span> <span class='ocrx_word' id='word_1_50' title='bbox 1525 1896 1675 1969; x_wconf 86' lang='lat' dir='ltr'>intendit</span> 
     </span>
     <span class='ocr_line' id='line_1_9' title="bbox 694 2019 1676 2114; baseline 0.002 -24"><span class='ocrx_word' id='word_1_51' title='bbox 694 2019 864 2107; x_wconf 84' lang='lat' dir='ltr'>Meletius,</span> <span class='ocrx_word' id='word_1_52' title='bbox 898 2022 963 2094; x_wconf 86' lang='lat' dir='ltr'>nisi</span> <span class='ocrx_word' id='word_1_53' title='bbox 990 2022 1100 2094; x_wconf 86' lang='lat' dir='ltr'>sotum</span> <span class='ocrx_word' id='word_1_54' title='bbox 1128 2031 1164 2093; x_wconf 93' lang='lat' dir='ltr'>et</span> <span class='ocrx_word' id='word_1_55' title='bbox 1193 2022 1330 2092; x_wconf 90' lang='lat' dir='ltr'>unicum</span> <span class='ocrx_word' id='word_1_56' title='bbox 1360 2021 1480 2104; x_wconf 77' lang='lat' dir='ltr'>Deum</span> <span class='ocrx_word' id='word_1_57' title='bbox 1513 2020 1676 2114; x_wconf 89' lang='lat' dir='ltr'>bonaque</span> 
     </span>
     <span class='ocr_line' id='line_1_10' title="bbox 695 2143 1671 2237; baseline 0.002 -25"><span class='ocrx_word' id='word_1_58' title='bbox 695 2143 915 2237; x_wconf 88' lang='lat' dir='ltr'>sempiterna.</span> <span class='ocrx_word' id='word_1_59' title='bbox 955 2143 1170 2236; x_wconf 83' lang='lat' dir='ltr'>Argumeuto</span> <span class='ocrx_word' id='word_1_60' title='bbox 1207 2144 1292 2216; x_wconf 84' lang='lat' dir='ltr'>iilud</span> <span class='ocrx_word' id='word_1_61' title='bbox 1329 2144 1521 2215; x_wconf 78' lang='lat' dir='ltr'>clarissimo</span> <span class='ocrx_word' id='word_1_62' title='bbox 1555 2143 1671 2229; x_wconf 87' lang='lat' dir='ltr'>inerit,</span> 
     </span>
     <span class='ocr_line' id='line_1_11' title="bbox 694 2265 1671 2360; baseline 0.001 -24"><span class='ocrx_word' id='word_1_63' title='bbox 694 2265 785 2358; x_wconf 90' lang='lat' dir='ltr'>quod</span> <span class='ocrx_word' id='word_1_64' title='bbox 808 2265 992 2338; x_wconf 88' lang='lat' dir='ltr'>iibrisase</span> <span class='ocrx_word' id='word_1_65' title='bbox 1009 2267 1124 2353; x_wconf 90' lang='lat' dir='ltr'>editis,</span> <span class='ocrx_word' id='word_1_66' title='bbox 1140 2287 1218 2337; x_wconf 92' lang='lat' dir='ltr'>eam</span> <span class='ocrx_word' id='word_1_67' title='bbox 1244 2287 1381 2359; x_wconf 86' lang='lat' dir='ltr'>semper</span> <span class='ocrx_word' id='word_1_68' title='bbox 1414 2277 1472 2338; x_wconf 90' lang='lat' dir='ltr'>aut</span> <span class='ocrx_word' id='word_1_69' title='bbox 1503 2265 1671 2360; x_wconf 89' lang='lat' dir='ltr'>polonice,</span> 
     </span>
     <span class='ocr_line' id='line_1_12' title="bbox 695 2389 1676 2486; baseline 0.001 -27"><span class='ocrx_word' id='word_1_70' title='bbox 695 2399 754 2460; x_wconf 89' lang='lat' dir='ltr'>aut</span> <span class='ocrx_word' id='word_1_71' title='bbox 770 2390 875 2461; x_wconf 91' lang='lat' dir='ltr'>latine</span> <span class='ocrx_word' id='word_1_72' title='bbox 892 2389 1086 2486; x_wconf 71' lang='lat' dir='ltr'>praefixerit</span> <span class='ocrx_word' id='word_1_73' title='bbox 1099 2401 1265 2462; x_wconf 77' lang='lat' dir='ltr'>tesseram</span> <span class='ocrx_word' id='word_1_74' title='bbox 1288 2418 1294 2461; x_wconf 94' lang='lat'>:</span> <span class='ocrx_word' id='word_1_75' title='bbox 1313 2413 1391 2461; x_wconf 79' lang='lat' dir='ltr'>meoe</span> <span class='ocrx_word' id='word_1_76' title='bbox 1402 2390 1478 2461; x_wconf 82' lang='lat' dir='ltr'>uitoe</span> <span class='ocrx_word' id='word_1_77' title='bbox 1493 2414 1564 2486; x_wconf 86' lang='lat' dir='ltr'>spes</span> <span class='ocrx_word' id='word_1_78' title='bbox 1580 2389 1676 2460; x_wconf 80' lang='lat' dir='ltr'>unico</span> 
     </span>
     <span class='ocr_line' id='line_1_13' title="bbox 692 2513 1764 2611; baseline 0.005 -27"><span class='ocrx_word' id='word_1_79' title='bbox 692 2513 787 2586; x_wconf 79' lang='lat' dir='ltr'>Jecur</span> <span class='ocrx_word' id='word_1_80' title='bbox 818 2513 977 2588; x_wconf 82' lang='lat' dir='ltr'>Christus.</span> <span class='ocrx_word' id='word_1_81' title='bbox 1006 2518 1159 2602; x_wconf 89' lang='lat' dir='ltr'>Quorum</span> <span class='ocrx_word' id='word_1_82' title='bbox 1186 2517 1373 2588; x_wconf 88' lang='lat' dir='ltr'>verborum</span> <span class='ocrx_word' id='word_1_83' title='bbox 1400 2517 1514 2611; x_wconf 91' lang='lat' dir='ltr'>priore</span> <span class='ocrx_word' id='word_1_84' title='bbox 1532 2516 1674 2610; x_wconf 87' lang='lat' dir='ltr'>quidem</span> <span class='ocrx_word' id='word_1_85' title='bbox 1761 2517 1764 2522; x_wconf 78' lang='grc'><strong>’</strong></span> 
     </span>
     <span class='ocr_line' id='line_1_14' title="bbox 694 2637 1675 2733; baseline 0.003 -25"><span class='ocrx_word' id='word_1_86' title='bbox 694 2637 807 2709; x_wconf 88' lang='lat' dir='ltr'>littera</span> <span class='ocrx_word' id='word_1_87' title='bbox 825 2661 924 2710; x_wconf 91' lang='lat' dir='ltr'>suum</span> <span class='ocrx_word' id='word_1_88' title='bbox 946 2660 1089 2725; x_wconf 90' lang='lat' dir='ltr'>nomen,</span> <span class='ocrx_word' id='word_1_89' title='bbox 1104 2639 1295 2733; x_wconf 88' lang='lat' dir='ltr'>posteriore</span> <span class='ocrx_word' id='word_1_90' title='bbox 1317 2661 1508 2732; x_wconf 84' lang='lat' dir='ltr'>cognomen</span> <span class='ocrx_word' id='word_1_91' title='bbox 1527 2640 1675 2712; x_wconf 89' lang='lat' dir='ltr'>celando</span> 
     </span>
     <span class='ocr_line' id='line_1_15' title="bbox 695 2761 1671 2857; baseline 0.002 -29"><span class='ocrx_word' id='word_1_92' title='bbox 695 2761 924 2852; x_wconf 84' lang='lat' dir='ltr'>exprimebat.</span> <span class='ocrx_word' id='word_1_93' title='bbox 947 2761 989 2833; x_wconf 89' lang='lat' dir='ltr'>Ut</span> <span class='ocrx_word' id='word_1_94' title='bbox 1010 2761 1143 2856; x_wconf 87' lang='lat' dir='ltr'>liquido</span> <span class='ocrx_word' id='word_1_95' title='bbox 1158 2772 1305 2857; x_wconf 90' lang='lat' dir='ltr'>pateret,</span> <span class='ocrx_word' id='word_1_96' title='bbox 1325 2763 1453 2834; x_wconf 85' lang='lat' dir='ltr'>Meletii</span> <span class='ocrx_word' id='word_1_97' title='bbox 1470 2761 1671 2846; x_wconf 88' lang='lat' dir='ltr'>Smotriscii,</span> 
     </span>
     <span class='ocr_line' id='line_1_16' title="bbox 694 2883 1675 2974; baseline 0.006 -24"><span class='ocrx_word' id='word_1_98' title='bbox 694 2892 857 2974; x_wconf 90' lang='lat' dir='ltr'>tanquam</span> <span class='ocrx_word' id='word_1_99' title='bbox 893 2883 958 2954; x_wconf 91' lang='lat' dir='ltr'>viri</span> <span class='ocrx_word' id='word_1_100' title='bbox 994 2883 1276 2970; x_wconf 87' lang='lat' dir='ltr'>desideriorum,</span> <span class='ocrx_word' id='word_1_101' title='bbox 1314 2885 1419 2957; x_wconf 82' lang='lat' dir='ltr'>ruisse</span> <span class='ocrx_word' id='word_1_102' title='bbox 1457 2885 1596 2956; x_wconf 93' lang='lat' dir='ltr'>unicum</span> <span class='ocrx_word' id='word_1_103' title='bbox 1638 2894 1675 2956; x_wconf 91' lang='lat' dir='ltr'>et</span> 
     </span>
    </p>
   </div>
   <div class='ocr_carea' id='block_1_3' title="bbox 694 3005 1675 3206">
    <p class='ocr_par' dir='ltr' id='par_1_4' title="bbox 694 3005 1675 3206">
     <span class='ocr_line' id='line_1_17' title="bbox 694 3005 1675 3103; baseline 0 -25"><span class='ocrx_word' id='word_1_104' title='bbox 694 3006 794 3078; x_wconf 90' lang='lat' dir='ltr'>unice</span> <span class='ocrx_word' id='word_1_105' title='bbox 818 3005 981 3079; x_wconf 81' lang='lat' dir='ltr'>dilectum</span> <span class='ocrx_word' id='word_1_106' title='bbox 1007 3031 1164 3103; x_wconf 90' lang='lat' dir='ltr'>scopum,</span> <span class='ocrx_word' id='word_1_107' title='bbox 1189 3010 1327 3082; x_wconf 86' lang='lat' dir='ltr'>coliium</span> <span class='ocrx_word' id='word_1_108' title='bbox 1352 3021 1564 3082; x_wconf 68' lang='lat' dir='ltr'>aeternorum</span> <span class='ocrx_word' id='word_1_109' title='bbox 1585 3009 1675 3080; x_wconf 83' lang='lat' dir='ltr'>desi-</span> 
     </span>
     <span class='ocr_line' id='line_1_18' title="bbox 694 3133 841 3206; baseline 0 -1"><span class='ocrx_word' id='word_1_110' title='bbox 694 3133 841 3206; x_wconf 91' lang='lat' dir='ltr'>derium.</span> 
     </span>
    </p>
   </div>
   <div class='ocr_carea' id='block_1_4' title="bbox 694 3255 1676 4468">
    <p class='ocr_par' dir='ltr' id='par_1_5' title="bbox 694 3255 1676 4468">
     <span class='ocr_line' id='line_1_19' title="bbox 746 3255 1675 3352; baseline -0.001 -27"><span class='ocrx_word' id='word_1_111' title='bbox 746 3257 832 3326; x_wconf 86' lang='lat' dir='ltr'>Dum</span> <span class='ocrx_word' id='word_1_112' title='bbox 847 3255 1019 3347; x_wconf 83' lang='lat' dir='ltr'>ejusmodi</span> <span class='ocrx_word' id='word_1_113' title='bbox 1044 3257 1209 3329; x_wconf 87' lang='lat' dir='ltr'>virtutum</span> <span class='ocrx_word' id='word_1_114' title='bbox 1227 3255 1389 3352; x_wconf 87' lang='lat' dir='ltr'>operibus</span> <span class='ocrx_word' id='word_1_115' title='bbox 1410 3257 1598 3350; x_wconf 91' lang='lat' dir='ltr'>impensius</span> <span class='ocrx_word' id='word_1_116' title='bbox 1618 3256 1675 3325; x_wconf 86' lang='lat' dir='ltr'>in·</span> 
     </span>
     <span class='ocr_line' id='line_1_20' title="bbox 695 3377 1675 3475; baseline 0.002 -26"><span class='ocrx_word' id='word_1_117' title='bbox 695 3379 847 3450; x_wconf 83' lang='lat' dir='ltr'>haereret</span> <span class='ocrx_word' id='word_1_118' title='bbox 871 3377 1102 3466; x_wconf 85' lang='lat' dir='ltr'>Smetrisoius,</span> <span class='ocrx_word' id='word_1_119' title='bbox 1125 3401 1306 3475; x_wconf 82' lang='lat' dir='ltr'>supremus</span> <span class='ocrx_word' id='word_1_120' title='bbox 1321 3377 1481 3450; x_wconf 67' lang='lat' dir='ltr'>ecclesiae</span> <span class='ocrx_word' id='word_1_121' title='bbox 1495 3377 1675 3451; x_wconf 83' lang='lat' dir='ltr'>catholicae</span> 
     </span>
     <span class='ocr_line' id='line_1_21' title="bbox 694 3500 1676 3598; baseline -0.003 -24"><span class='ocrx_word' id='word_1_122' title='bbox 694 3512 813 3595; x_wconf 85' lang='lat' dir='ltr'>pastor</span> <span class='ocrx_word' id='word_1_123' title='bbox 842 3501 998 3575; x_wconf 88' lang='lat' dir='ltr'>Urbanus</span> <span class='ocrx_word' id='word_1_124' title='bbox 1015 3501 1090 3574; x_wconf 83' lang='lat' dir='ltr'>vni</span> <span class='ocrx_word' id='word_1_125' title='bbox 1108 3503 1422 3598; x_wconf 86' lang='lat' dir='ltr'>archiepiscopatus</span> <span class='ocrx_word' id='word_1_126' title='bbox 1445 3523 1526 3572; x_wconf 91' lang='lat' dir='ltr'>eum</span> <span class='ocrx_word' id='word_1_127' title='bbox 1552 3500 1676 3572; x_wconf 80' lang='lat' dir='ltr'>fliero-</span> 
     </span>
     <span class='ocr_line' id='line_1_22' title="bbox 694 3623 1675 3718; baseline -0.002 -25"><span class='ocrx_word' id='word_1_128' title='bbox 694 3623 838 3717; x_wconf 87' lang='lat' dir='ltr'>politani</span> <span class='ocrx_word' id='word_1_129' title='bbox 855 3623 1082 3718; x_wconf 87' lang='lat' dir='ltr'>amplitudine</span> <span class='ocrx_word' id='word_1_130' title='bbox 1098 3624 1253 3712; x_wconf 86' lang='lat' dir='ltr'>decorat,</span> <span class='ocrx_word' id='word_1_131' title='bbox 1269 3635 1305 3696; x_wconf 90' lang='lat' dir='ltr'>et</span> <span class='ocrx_word' id='word_1_132' title='bbox 1323 3626 1436 3695; x_wconf 90' lang='lat' dir='ltr'>Breve</span> <span class='ocrx_word' id='word_1_133' title='bbox 1456 3641 1561 3717; x_wconf 88' lang='lat' dir='ltr'>super</span> <span class='ocrx_word' id='word_1_134' title='bbox 1572 3641 1675 3692; x_wconf 82' lang='lat' dir='ltr'>emn-</span> 
     </span>
     <span class='ocr_line' id='line_1_23' title="bbox 695 3746 1674 3845; baseline -0.001 -26"><span class='ocrx_word' id='word_1_135' title='bbox 695 3747 775 3819; x_wconf 92' lang='lat' dir='ltr'>dem</span> <span class='ocrx_word' id='word_1_136' title='bbox 813 3748 1144 3845; x_wconf 82' lang='lat' dir='ltr'>archiepiscopatum</span> <span class='ocrx_word' id='word_1_137' title='bbox 1177 3747 1228 3820; x_wconf 89' lang='lat' dir='ltr'>illi</span> <span class='ocrx_word' id='word_1_138' title='bbox 1258 3746 1474 3820; x_wconf 85' lang='lat' dir='ltr'>transmittit.</span> <span class='ocrx_word' id='word_1_139' title='bbox 1512 3747 1601 3818; x_wconf 93' lang='lat' dir='ltr'>Urbs</span> <span class='ocrx_word' id='word_1_140' title='bbox 1632 3768 1674 3818; x_wconf 90' lang='lat' dir='ltr'>ea</span> 
     </span>
     <span class='ocr_line' id='line_1_24' title="bbox 695 3869 1674 3970; baseline -0.002 -27"><span class='ocrx_word' id='word_1_141' title='bbox 695 3872 846 3966; x_wconf 78' lang='lat' dir='ltr'>regionis</span> <span class='ocrx_word' id='word_1_142' title='bbox 868 3883 921 3945; x_wconf 84' lang='lat' dir='ltr'>est</span> <span class='ocrx_word' id='word_1_143' title='bbox 938 3871 1155 3970; x_wconf 74' lang='lat' dir='ltr'>Cyrresticae,</span> <span class='ocrx_word' id='word_1_144' title='bbox 1176 3875 1212 3944; x_wconf 96' lang='lat' dir='ltr'>in</span> <span class='ocrx_word' id='word_1_145' title='bbox 1237 3870 1472 3969; x_wconf 88' lang='lat' dir='ltr'>patriarchatu</span> <span class='ocrx_word' id='word_1_146' title='bbox 1488 3869 1674 3942; x_wconf 82' lang='lat' dir='ltr'>Antioche-</span> 
     </span>
     <span class='ocr_line' id='line_1_25' title="bbox 695 3993 1676 4088; baseline 0 -25"><span class='ocrx_word' id='word_1_147' title='bbox 695 4013 752 4065; x_wconf 89' lang='lat' dir='ltr'>no.</span> <span class='ocrx_word' id='word_1_148' title='bbox 769 3993 819 4064; x_wconf 85' lang='lat' dir='ltr'>De</span> <span class='ocrx_word' id='word_1_149' title='bbox 838 4017 907 4088; x_wconf 91' lang='lat' dir='ltr'>quo</span> <span class='ocrx_word' id='word_1_150' title='bbox 919 3993 1042 4068; x_wconf 89' lang='lat' dir='ltr'>videre</span> <span class='ocrx_word' id='word_1_151' title='bbox 1061 4005 1114 4068; x_wconf 90' lang='lat' dir='ltr'>est</span> <span class='ocrx_word' id='word_1_152' title='bbox 1129 3996 1219 4068; x_wconf 89' lang='lat' dir='ltr'>iuter</span> <span class='ocrx_word' id='word_1_153' title='bbox 1235 3996 1376 4068; x_wconf 89' lang='lat' dir='ltr'>decreta</span> <span class='ocrx_word' id='word_1_154' title='bbox 1392 3993 1676 4086; x_wconf 79' lang='lat' dir='ltr'>congregationis</span> 
     </span>
     <span class='ocr_line' id='line_1_26' title="bbox 694 4115 1673 4213; baseline -0.001 -27"><span class='ocrx_word' id='word_1_155' title='bbox 694 4136 713 4186; x_wconf 91' lang='lat' dir='ltr'>a</span> <span class='ocrx_word' id='word_1_156' title='bbox 731 4115 801 4188; x_wconf 82' lang='lat' dir='ltr'>fide</span> <span class='ocrx_word' id='word_1_157' title='bbox 816 4115 1037 4213; x_wconf 85' lang='lat' dir='ltr'>pmpagahda</span> <span class='ocrx_word' id='word_1_158' title='bbox 1053 4139 1173 4205; x_wconf 82' lang='lat' dir='ltr'>saorae,</span> <span class='ocrx_word' id='word_1_159' title='bbox 1203 4117 1270 4190; x_wconf 90' lang='lat' dir='ltr'>sub</span> <span class='ocrx_word' id='word_1_160' title='bbox 1288 4137 1417 4189; x_wconf 93' lang='lat' dir='ltr'>annum</span> <span class='ocrx_word' id='word_1_161' title='bbox 1436 4116 1544 4200; x_wconf 67' lang='lat' dir='ltr'>idat,</span> <span class='ocrx_word' id='word_1_162' title='bbox 1569 4135 1673 4185; x_wconf 88' lang='lat' dir='ltr'>men·</span> 
     </span>
     <span class='ocr_line' id='line_1_27' title="bbox 694 4237 1676 4313; baseline -0.002 -3"><span class='ocrx_word' id='word_1_163' title='bbox 694 4239 741 4310; x_wconf 89' lang='lat' dir='ltr'>sis</span> <span class='ocrx_word' id='word_1_164' title='bbox 759 4238 920 4311; x_wconf 75' lang='lat' dir='ltr'>febroarii</span> <span class='ocrx_word' id='word_1_165' title='bbox 952 4237 1045 4313; x_wconf 89' lang='lat' dir='ltr'>diem</span> <span class='ocrx_word' id='word_1_166' title='bbox 1073 4241 1221 4313; x_wconf 88' lang='lat' dir='ltr'>tertiam.</span> <span class='ocrx_word' id='word_1_167' title='bbox 1250 4239 1295 4311; x_wconf 85' lang='lat' dir='ltr'>ht</span> <span class='ocrx_word' id='word_1_168' title='bbox 1319 4237 1475 4311; x_wconf 82' lang='lat' dir='ltr'>Meietius</span> <span class='ocrx_word' id='word_1_169' title='bbox 1500 4237 1676 4309; x_wconf 78' lang='lat' dir='ltr'>conscien-</span> 
     </span>
     <span class='ocr_line' id='line_1_28' title="bbox 694 4359 1673 4468; baseline 0.001 -38"><span class='ocrx_word' id='word_1_170' title='bbox 694 4361 754 4433; x_wconf 82' lang='lat' dir='ltr'>tiae</span> <span class='ocrx_word' id='word_1_171' title='bbox 768 4361 923 4468; x_wconf 87' lang='lat' dir='ltr'>deposito</span> <span class='ocrx_word' id='word_1_172' title='bbox 954 4385 1060 4437; x_wconf 92' lang='lat' dir='ltr'>onore</span> <span class='ocrx_word' id='word_1_173' title='bbox 1080 4365 1189 4458; x_wconf 88' lang='lat' dir='ltr'>magis</span> <span class='ocrx_word' id='word_1_174' title='bbox 1212 4363 1336 4449; x_wconf 85' lang='lat' dir='ltr'>laetior,</span> <span class='ocrx_word' id='word_1_175' title='bbox 1356 4381 1458 4453; x_wconf 91' lang='lat' dir='ltr'>quam</span> <span class='ocrx_word' id='word_1_176' title='bbox 1481 4359 1673 4455; x_wconf 85' lang='lat' dir='ltr'>archiepis-</span> 
     </span>
    </p>
   </div>
   <div class='ocr_carea' id='block_1_5' title="bbox 0 0 2054 6006">
    <p class='ocr_par' dir='ltr' id='par_1_6' title="bbox 0 0 2054 6006">
     <span class='ocr_line' id='line_1_29' title="bbox 0 0 2054 6006; baseline 0 0"><span class='ocrx_word' id='word_1_177' title='bbox 0 0 2054 6006; x_wconf 95' lang='lat' dir='ltr'> </span> 
     </span>
    </p>
   </div>
  </div>
 </body>
</html>
