4100 6009
1079 885 1263 949 -120-

674 1094 761 1179 tari,
780 1111 824 1164 ne
838 1109 912 1164 suae
926 1101 995 1163 tam
1009 1111 1116 1184 grave
1129 1093 1346 1189 imponerent
1359 1115 1446 1168 onus
1465 1096 1652 1169 conscien-

674 1216 746 1288 tiae.

706 1337 767 1409 ,At
791 1336 932 1422 Mobile,
956 1335 1176 1410 Pccmrensis
1199 1337 1487 1427 archimandrita,
1505 1341 1651 1413 nimium

672 1471 840 1558 quamum
862 1457 1135 1541 excandescens,
1166 1458 1415 1554 immemorque
1446 1463 1514 1536 loci
1546 1463 1649 1548 sacri,

672 1583 737 1656 sub
761 1583 935 1654 crationes
957 1587 1213 1676 concentusque
1236 1582 1407 1670 ecciesiae,
1432 1584 1551 1658 uerbis
1570 1587 1668 1657 eum·

672 1723 741 1781 non
757 1705 950 1780 furibundis
962 1703 1079 1793 modo,
1094 1717 1130 1778 et
1143 1707 1210 1778 tori
1223 1705 1397 1778 honestati
1414 1707 1563 1799 injuriis,
1581 1727 1650 1781 ve·

673 1845 749 1904 rum
764 1831 871 1904 etism
884 1829 998 1925 impiis
1008 1838 1045 1901 et
1055 1828 1128 1901 vim
1145 1845 1336 1924 necemque
1352 1827 1576 1924 spirantibus,
1596 1830 1652 1901 in-

672 1953 807 2039 voiare,
828 1950 1029 2036 conviciari,
1048 1948 1292 2045 proscindere:
1312 1951 1531 2039 maledicum,
1550 1950 1651 2025 blas-

673 2075 851 2172 phemum,
878 2074 1099 2160 haereticum
1120 2072 1402 2168 discerpendum,
1429 2073 1649 2159 caedendum,

673 2194 914 2292 mergendum.
937 2197 1134 2290 Tantusque
1152 2195 1285 2268 clamor
1305 2197 1451 2283 excitus,
1476 2207 1512 2269 ut
1528 2205 1564 2267 et
1584 2169 1646 2281 illi,

672 2319 733 2413 qui
758 2319 849 2391 iutra
870 2317 989 2414 adyta,
1016 2328 1052 2390 et
1072 2319 1121 2389 itii
1143 2319 1203 2413 qui
1220 2327 1320 2390 extra
1340 2317 1446 2413 adyta
1471 2317 1650 2413 propiores

672 2451 784 2528 erant,
799 2444 896 2538 quasi
911 2441 957 2515 ad
974 2443 1045 2515 vim
1059 2444 1114 2515 vel
1131 2441 1361 2528 inferendam,
1383 2444 1438 2515 rei
1456 2442 1649 2536 probiben—

673 2567 765 2654 dam,
786 2567 1015 2639 vociferantes
1036 2565 1270 2638 occurrerint!
1295 2565 1501 2660 Interruptae
1516 2564 1651 2636 cratio-

673 2706 748 2768 nes,
770 2685 939 2782 dirempti
963 2697 1097 2758 cautus.
1126 2687 1237 2758 Etiam
1266 2685 1347 2772 illis,
1376 2687 1436 2782 qui
1462 2686 1649 2781 spatiosam

673 2806 853 2910 rapiebant
868 2807 1062 2893 ecclesiam,-
1079 2809 1115 2878 in
1133 2807 1237 2905 adyta
1254 2827 1330 2881 sese
1347 2807 1595 2901 ingerentibus,
1613 2820 1651 2881 ut

673 2932 756 3008 steri
779 2931 892 3004 scelus
909 2932 1177 3025 restinguerent,
1201 2934 1260 3004 rel
1275 2931 1538 3007 succenderent.
1567 2933 1651 3007 aec

674 3056 776 3140 inter,
803 3055 915 3146 magis
944 3053 1082 3150 perfidi,
1106 3075 1213 3150 quam
1238 3054 1300 3127 fidi
1328 3053 1430 3127 amici
1458 3055 1650 3128 Smetriseii

673 3195 813 3271 urgere,
829 3175 1064 3249 subscriberet
1077 3196 1159 3250 moe
1171 3186 1207 3250 et
1221 3193 1391 3272 pergrave
1409 3178 1575 3273 temporis
1591 3179 1649 3249 vi-

673 3312 762 3374 taret
775 3309 1006 3387 momontum;
1030 3301 1223 3395 minorique
1238 3312 1415 3396 precepto
1431 3311 1526 3373 muta
1548 3300 1652 3392 maio-

653 3441 747 3494 ·rem
766 3423 913 3519 sopiret,
936 3433 1129 3496 mutaturus
1149 3422 1248 3508 alias,
1270 3422 1365 3517 quod
1384 3442 1477 3495 nunc
1498 3417 1651 3493 subscri-

673 3546 785 3618 beret.

721 3669 942 3742 Smetriseius
951 3669 1336 3763 impossui,ctincertus
1344 3669 1485 3741 ubinam
1494 3671 1649 3763 gentium

674 3801 778 3878 esset,
797 3789 1028 3884 sanguinique
1043 3811 1113 3862 non
1127 3803 1196 3864 tam
1213 3808 1288 3877 suo,
1304 3809 1410 3885 quam
1425 3811 1567 3865 suorum
1590 3790 1650 3862 ni-

674 3914 739 3986 mis
751 3912 1406 4008 nonfusepruspiciens,immoeliorum,
1427 3912 1649 3986 utiuturuub

561 4085 565 4093 ·
674 4035 767 4109 tibus
796 4047 970 4130 noctuque
999 4035 1130 4108 exortis
1159 4033 1362 4108 tumultibus
1391 4032 1647 4120 (tentassent,

674 4157 866 4250 magisne
886 4173 1002 4244 mauu,
1020 4155 1251 4229 tremebundo
1262 4156 1411 4251 graphio
1425 4155 1647 4248 subscripsit;

674 4297 738 4349 nec
753 4275 974 4352 Dermanium
989 4275 1220 4353 discessuram
1237 4278 1426 4350 reluctante
1441 4297 1505 4352 ore
1514 4274 1652 4350 conse
