4100 6009
1137 854 1300 917 ..50-

729 1071 1012 1161 iilos,antequam
1030 1062 1216 1137 caelitnsad
1234 1062 1715 1159 resipiscendumvooaretnr;

728 1202 848 1286 postea
862 1190 989 1260 malum
1001 1189 1234 1283 perspexisse,
1252 1187 1399 1280 ideoque
1411 1184 1611 1283 palinodiam
1622 1188 1717 1258 oeci·
1735 1175 1740 1182 ’

728 1315 832 1386 nisse.
854 1312 953 1397 Eam,
977 1310 1024 1383 mi
1043 1318 1142 1407 pater
1162 1308 1479 1394 Reverendissime‚
1504 1330 1572 1380 non
1593 1309 1712 1381 video.

728 1438 779 1508 Ao
798 1434 944 1530 proinde
959 1453 1081 1506 eorum
1098 1431 1194 1503 virus
1209 1431 1390 1515 librorum,
1405 1432 1500 1524 quod
1518 1433 1633 1527 plures
1651 1432 1722 1502 in-=

729 1560 821 1644 fecit,
842 1579 904 1654 per
916 1556 1001 1628 aiios
1017 1576 1086 1625 non
1106 1564 1158 1626 est
1173 1563 1388 1648 exsorptum.

786 1677 1717 1776 «Disceptantvarii,interaliosPineda‚deSaiomone‚‘

730 1826 834 1899 quem
854 1803 1015 1895 Majestas
1036 1802 1259 1897 sempiterna,
1279 1822 1384 1895 super
1404 1799 1495 1874 filios
1517 1802 1713 1884 hominum,

730 1930 851 2002 divino
880 1928 1062 2021 sapientias
1086 1926 1264 1999 decoravit
1297 1936 1545 2021 munerataque
1573 1937 1626 1998 est
1652 1926 1715 1998 lu-

731 2052 837 2138 mine,
854 2072 1006 2144 quonam
1020 2052 1176 2120 locorum
1188 2043 1348 2120 versetur
1360 2048 1487 2120 animae
1501 2062 1575 2119 sua:
1596 2050 1716 2121 Patro-

730 2175 889 2247 ninantur
901 2174 961 2245 aiii
977 2172 1114 2244 athene
1129 2182 1309 2267 sperantes
1321 2171 1366 2244 de
1378 2171 1435 2244 itta
1450 2172 1711 2243 ratiocinantur.

731 2296 961 2366 Nihilominus
981 2297 1095 2388 potior
1117 2312 1198 2387 pars
1222 2291 1359 2379 asserit,
1380 2290 1449 2387 legi
1475 2293 1632 2363 aliorum·
1647 2313 1714 2363 cn-

731 2442 791 2492 sus
801 2430 841 2489 et
858 2418 987 2512 flagitia
1005 2438 1125 2511 regum
1141 2445 1148 2503 ;
1170 2418 1315 2513 reperiri
1334 2423 1447 2490 tamen
1460 2427 1495 2490 et
1508 2418 1716 2514 resipiscen-

731 2541 812 2615 tiam
831 2550 866 2613 et
881 2539 1151 2634 poenitudinem
1172 2540 1364 2613 Salomonis
1381 2562 1466 2613 vero
1491 2542 1563 2613 sola
1584 2542 1717 2613 seelera

732 2663 918 2735 numerari.
952 2664 1111 2735 Inventus
1136 2674 1190 2734 est
1217 2665 1350 2736 calamo
1379 2664 1415 2733 in
1441 2666 1622 2737 ecetesiam
1652 2666 1716 2738 Dei

731 2787 772 2856 D.
802 2784 1014 2877 Augustinus
1038 2786 1457 2878 maniohaeopeuimvero
1478 2787 1586 2859 libros
1609 2786 1716 2860 etiam

732 2907 1005 2983 Retrnotntionnm
1018 2906 1224 3003 divulgavit.
1242 2912 1317 2981 Non
1336 2932 1448 3004 pauca
1462 2912 1597 2984 Vestrae
1609 2911 1721 2984 Reve-

733 3030 950 3103 rendissimae
973 3029 1221 3104 Dominationis
1245 3032 1457 3105 monimenta
1480 3032 1597 3127 legere
1619 3032 1713 3104 linet.

734 3152 1718 3249 Quae(utmihicondonarevelitiadeovirulentesnnotam

733 3278 922 3349 Romanam
937 3276 1142 3349 adoriuntur
1154 3278 1348 3361 ecelesiam,
1364 3287 1401 3349 nt
1416 3278 1549 3349 nulium
1566 3299 1718 3371 unquam

734 3418 774 3468 os
789 3396 993 3469 haereticum
1014 3397 1230 3470 virulentius.
1258 3402 1409 3493 Accepto
1427 3398 1584 3483 monento,
1603 3420 1718 3470 rarum

736 3518 858 3591 videre
869 3519 922 3591 est
936 3520 1083 3594 verbum
1097 3523 1170 3594 siue
1188 3534 1386 3595 scommate.
1405 3524 1525 3617 inquo
1541 3523 1596 3617 (sit
1616 3524 1719 3597 venia

738 3640 891 3736 verbot),
910 3643 999 3715 sicot
1014 3653 1050 3714 et
1068 3645 1102 3714 in
1121 3644 1210 3729 aliis,
1230 3644 1350 3717 sedulo
1363 3644 1523 3739 pensanti
1535 3656 1721 3717 occurrunt

736 3769 839 3839 etiam
852 3768 1369 3866 contradictionessibimetipsis
1382 3778 1524 3865 apertae.
1542 3766 1721 3865 Verificntin

736 3913 805 3961 non
819 3891 1002 3962 dissimilis.
1020 3893 1058 3962 ln
1072 3889 1223 3979 noento,
1241 3902 1340 3988 partu
1352 3914 1415 3964 sno
1428 3890 1511 3962 anni
1527 3891 1633 3976 totu,
1651 3912 1720 3963 non

737 4017 847 4086 solum
865 4016 1012 4102 illorum,
1032 4037 1112 4110 quae
1133 4016 1167 4086 in
1182 4016 1333 4088 Lomento
1349 4016 1563 4100 annottitO,
1584 4031 1671 4110 quae'
1683 4015 1720 4086 in

737 4135 1168 4236 Defensioneoern'finationt's
1180 4132 1274 4212 'nuno
1292 4143 1378 4216 4621
1403 4140 1551 4234 scripsit,
1572 4160 1638 4211 non
1655 4160 1720 4211 so·

739 4258 823 4342 lum,
851 4258 1006 4352 inquam,
1034 4252 1169 4333 illorum
1203 4264 1359 4334 Vestram
1383 4260 1719 4334 Reverendissimam
