4100 6009
1089 893 1273 958 -tol-

672 1128 763 1178 vero
775 1105 948 1177 Meletium
962 1123 983 1174 a
997 1103 1067 1173 lieo
1081 1101 1227 1174 Domino
1238 1100 1399 1194 curiaque
1412 1099 1487 1189 ejus
1504 1100 1540 1171 in
1553 1103 1656 1173 terris

679 1228 822 1314 vicaria,
840 1227 1035 1301 citationem
1057 1225 1099 1295 in
1126 1223 1288 1310 schisma,
1303 1244 1441 1296 sumum
1457 1225 1585 1319 pastori
1600 1247 1662 1298 rc-

681 1353 876 1438 calcitrans,
899 1351 944 1424 ad
968 1351 1032 1423 Dei
1064 1349 1215 1422 tribunal
1239 1357 1442 1421 evocantem
1470 1350 1666 1421 extulisse?

682 1477 752 1548 Aut
763 1497 867 1570 supra
881 1475 1039 1559 citatum,
1052 1482 1089 1544 et
1100 1470 1248 1545 eruditis
1259 1472 1336 1563 ejus
1347 1472 1544 1543 convictum
1560 1474 1667 1567 scrip

684 1599 743 1686 tis,
762 1598 941 1671 decretum
958 1597 1059 1669 allen
1073 1594 1274 1679 obtinuisse,
1297 1613 1367 1688 quo
1380 1591 1466 1664 illud
1482 1593 1665 1666 obstinatae

681 1723 823 1797 duritiei
848 1731 1025 1817 argueret,
1055 1742 1094 1792 se
1123 1720 1292 1792 victorem
1308 1729 1343 1790 et
1359 1739 1540 1813 poenarum
1560 1739 1665 1813 super

683 1847 741 1918 illo
765 1844 998 1929 obtentarum,
1025 1852 1201 1916 auctorem
1218 1842 1408 1935 gloriosum
1425 1840 1664 1936 praedicaret?

685 1969 753 2042 Sed
770 1969 896 2040 rectius
910 1966 1043 2039 dixeris
1056 1964 1246 2060 benignum
1257 1965 1358 2039 iatum
1371 1987 1419 2038 ex
1432 1967 1547 2060 rapaci
1562 1966 1665 2037 Saulo

684 2093 842 2178 Paulum,
871 2088 1075 2162 miraculosa
1108 2111 1210 2161 manu
1228 2110 1303 2176 sua,
1324 2087 1478 2162 libellum
1494 2089 1540 2161 ad
1557 2090 1665 2160 ileum

687 2215 877 2310 supplicem
894 2212 1373 2308 tenuisse‚quoplaoatiorem
1390 2211 1487 2283 illum
1504 2211 1667 2286 redderet

684 2336 883 2428 gentianae,
915 2357 960 2406 ne
991 2344 1198 2421 moreretur,
1229 2333 1293 2406 sed
1323 2343 1599 2420 converteretur,
1629 2343 1666 2404 et

683 2458 829 2528 viveret.
865 2455 965 2541 Quod
988 2457 1116 2528 utinam
1134 2456 1298 2527 Dominus
1330 2455 1364 2525 iu
1390 2455 1513 2527 diebus
1538 2455 1664 2526 uostris

688 2579 841 2650 efficiat!

735 2702 850 2774 Tantis
873 2702 1019 2794 peractis
1044 2701 1231 2786 miraculis,
1256 2701 1330 2795 ipsa
1356 2701 1402 2773 29
1423 2699 1573 2790 januarii
1592 2697 1661 2784 die,

686 2823 867 2916 Iosephus,
886 2824 1019 2896 llussiae
1036 2822 1325 2918 archiepiscopus,
1345 2822 1390 2894 ad
1406 2843 1568 2916 suprema
1589 2820 1667 2892 viro

688 2943 750 3014 Dei
776 2942 911 3014 Meletio
929 2944 1095 3016 solvenda
1119 2945 1213 3035 justa
1234 2944 1412 3037 prooessit.
1444 2944 1520 3038 lpse
1545 2939 1668 3014 festive

618 3093 621 3101 ¹
687 3066 898 3152 dolorosum,
915 3088 992 3139 cum
1008 3067 1102 3139 oleru
1117 3067 1286 3160 frequenti
1299 3077 1333 3138 et
1347 3066 1512 3138 suavibus
1525 3063 1666 3135 musicae

688 3190 922 3270 concentibus.
943 3191 1108 3286 persolvit
1130 3211 1286 3278 sacrum;
1316 3191 1388 3284 ipse
1403 3189 1520 3261 omnia
1536 3188 1666 3283 praeci-

689 3334 775 3407 puus
791 3312 861 3406 egit
878 3323 954 3386 acta
966 3312 1137 3385 funebria.
1159 3312 1322 3385 Alberlus
1334 3311 1535 3397 Kortiscius,
1551 3309 1666 3381 Sooie

689 3437 769 3508 tatis
787 3438 880 3523 lesu,
895 3437 1124 3532 Ostrogieusia
1136 3438 1275 3531 collegii
1287 3446 1413 3524 rector,
1427 3436 1567 3531 egregie
1578 3458 1668 3509 con-

690 3561 875 3647 oinuatam‚
894 3558 939 3633 ad
956 3561 1271 3656 frequentissimum
1294 3563 1479 3634 ruthenum
1502 3560 1668 3656 populum

690 3684 813 3756 habuit
832 3683 1050 3770 concionem
1070 3684 1246 3780 vitamque
1265 3685 1341 3776 ejus
1364 3685 1546 3782 splendide
1565 3685 1669 3756 illus-

690 3805 807 3893 travit,
827 3805 993 3879 miracula
1012 3806 1106 3879 diota
1121 3807 1271 3902 gloriose
1294 3809 1501 3903 propalavit,
1523 3818 1557 3881 et
1576 3827 1666 3880 con-

691 3929 781 4000 cioni
807 3929 1024 4023 postmodum
1049 3930 1164 4003 llilnae
1194 3931 1286 4026 typis
1318 3931 1469 4026 vulgata
1499 3929 1669 4003 Tleotrum

692 4050 877 4124 certaminis
901 4051 1026 4138 obtenti,
1053 4076 1167 4124 curares
1192 4053 1412 4138 wusumorott',
1435 4053 1513 4151 fidei
1537 4070 1670 4128 umato

692 4193 817 4244 nomen
844 4175 1018 4270 imposuit.
1049 4177 1180 4270 Corpus
1205 4177 1273 4248 viri
1296 4177 1358 4247 Dei
1387 4196 1456 4247 non
1481 4174 1668 4248 admodum

693 4295 908 4387 profundoin
917 4298 1061 4370 ecclesia
1071 4298 1293 4370 llermanensi
1306 4297 1500 4392 depositum
1513 4307 1563 4369 est
1578 4299 1666 4386 loco,
