4100 6009
1125 893 1306 958 „130-

731 1105 829 1190 tiam,
848 1101 1137 1188 maledicentiam,
1162 1099 1360 1196 opprobria,
1379 1123 1460 1195 quas
1482 1100 1708 1197 previderat,

730 1225 812 1320 ipsis
826 1225 929 1304 unitis
942 1226 1073 1317 majora
1088 1223 1286 1297 incurrisse.
1303 1222 1439 1295 Scirent
1452 1223 1601 1314 majores
1613 1245 1710 1308 suos,

730 1348 866 1421 Kioviae
883 1348 919 1419 in
934 1347 1081 1444 synode,
1100 1356 1231 1443 praeter
1251 1346 1319 1420 alia
1334 1344 1523 1418 identidem
1540 1346 1608 1418 sibi
1621 1370 1713 1441 sug-

730 1473 877 1567 gessisse
894 1500 903 1543 :
918 1472 963 1544 ab
978 1471 1047 1543 illis
1060 1469 1108 1545 ad
1119 1491 1207 1564 quus
1221 1467 1426 1552 declinaret,
1442 1466 1716 1543 interiusdetru·

730 1593 898 1680 dandum,
916 1615 964 1666 ex
979 1592 1239 1688 archiepiseopo
1261 1589 1480 1663 formandum
1495 1592 1708 1689 episcopum,

732 1717 838 1812 idque
857 1716 1005 1809 alicujus
1018 1714 1160 1790 evanidi
1180 1714 1272 1787 tituli
1292 1714 1506 1810 episeoprnn.
1532 1715 1576 1788 Et
1595 1727 1712 1788 tamen

732 1837 908 1916 nouudeo
927 1859 966 1910 ss
981 1838 1203 1925 emarcuisse,
1221 1847 1261 1913 ut
1279 1837 1412 1910 bonum
1425 1839 1627 1933 malumque
1641 1860 1713 1910 non

732 1961 888 2047 sentisse
905 1972 941 2033 ut
957 1969 1096 2034 aetem
1115 1980 1214 2032 suam
1230 1979 1293 2032 ees
1305 1959 1396 2035 inter
1412 1959 1606 2035 traductam
1620 1971 1659 2032 et
1676 1961 1714 2032 in

734 2082 913 2164 laboribus
927 2105 1037 2180 usque
1052 2082 1098 2158 ad
1113 2103 1220 2158 canos
1233 2081 1433 2169 deductam,
1450 2103 1522 2156 nun
1533 2083 1713 2178 perspiea-

733 2219 787 2282 net
803 2236 812 2295 ;
828 2216 865 2279 ut
877 2216 1012 2302 partum
1026 2226 1195 2293 amorem,
1206 2215 1425 2301 comparatas
1435 2203 1712 2300 dimissaeque

736 2329 820 2402 sitas
832 2328 1085 2425 amplitudines,
1102 2351 1170 2402 non
1181 2327 1393 2412 adverteret.
1409 2327 1494 2408 Cum
1510 2327 1618 2401 etiam
1634 2329 1714 2402 effi-

738 2452 832 2546 giem
843 2452 919 2547 ejus
930 2451 1088 2524 certatim
1099 2473 1219 2524 omnes
1230 2449 1434 2532 indomibus
1445 2450 1520 2522 suis
1528 2451 1715 2525 uoluissent

736 2572 913 2666 oculisque
924 2573 1223 2647 circumtulisseut.
1236 2572 1455 2668 Sedsperare
1466 2571 1711 2660 seinlluminu,

736 2691 896 2766 eumdem
913 2715 1066 2767 amorem
1092 2694 1128 2766 in
1149 2703 1255 2790 gente
1280 2716 1343 2768 sua
1358 2715 1422 2790 pru
1446 2695 1611 2767 revelatis
1633 2691 1717 2766 fidei

737 2814 837 2886 malis
852 2814 1065 2903 habiturum,
1084 2838 1188 2912 qnsm
1203 2839 1266 2912 pro
1283 2816 1427 2889 invectis
1442 2816 1622 2889 habuisset
1653 2814 1714 2886 Sin

737 2937 862 3022 minus,
883 2937 1013 3032 eligere
1025 2959 1065 3017 se
1076 2921 1191 3034 petius
1207 2940 1381 3032 abjectum
1392 2959 1469 3011 esse
1487 2938 1523 3010 in
1536 2938 1715 3012 domullei

737 3059 806 3148 sni,
822 3081 925 3155 qnam
941 3059 1098 3136 habitare
1115 3061 1152 3134 in
1174 3061 1406 3136 tabernaculis
1421 3074 1651 3156 peccatorum.
1673 3062 1717 3134 lit

738 3181 911 3262 salubrius
925 3183 993 3256 sihi
1010 3183 1138 3273 videri,
1155 3185 1192 3258 in
1206 3186 1377 3259 catholica
1392 3185 1538 3260 eeclesia
1554 3207 1630 3258 esse
1646 3185 1715 3258 lai-

738 3327 831 3392 cum,
846 3328 951 3400 qnam
963 3307 997 3380 in
1012 3309 1196 3384 schismate
1211 3309 1519 3405 arehiepiscopum.
1542 3310 1615 3384 Nec
1629 3318 1720 3386 aeta-

740 3437 811 3506 tem
828 3427 979 3502 effoetam
997 3429 1079 3504 huie
1103 3430 1223 3504 obesse
1244 3432 1427 3505 mutationi
1449 3453 1533 3528 quas
1551 3453 1599 3504 ex
1617 3430 1717 3504 desi-

740 3549 839 3625 derio
856 3551 988 3640 salutis,
1005 3553 1137 3649 Deique
1161 3553 1358 3643 dilectione,
1384 3567 1459 3628 tum
1483 3556 1716 3650 provenisset,
1740 3634 1742 3637 ,

741 3695 820 3746 enm
832 3675 952 3748 oculus
963 3675 1026 3747 Dei
1038 3676 1156 3750 omnia
1165 3676 1318 3750 videntis
1333 3679 1537 3751 miseranter
1552 3700 1632 3752 eum
1648 3699 1719 3750 res

742 3795 906 3888 perisset.
916 3793 1030 3890 Atque
1041 3817 1089 3871 ex
1099 3817 1143 3870 eo
1154 3799 1337 3894 ampliores
1349 3798 1602 3892 ejusllajestati
1611 3819 1719 3894 agere

741 3916 882 4008 gratias,
901 3917 994 4011 quod
1012 3939 1119 4015 super
1135 3919 1311 3996 infirmnm
1327 3945 1472 4020 eorpnre
1484 3934 1520 3996 et
1531 3932 1648 3996 mente
1660 3944 1720 3996 se-

743 4059 822 4110 nem
838 4037 977 4113 tandem
987 4042 1210 4137 respexisset.
1225 4045 1316 4118 Satis
1335 4067 1412 4119 esse
1427 4045 1508 4134 sibi,
1522 4045 1617 4142 quod
1636 4044 1721 4118 iesi-

741 4161 890 4254 puisset;
909 4163 1018 4237 serius
1032 4186 1117 4240 uero
1128 4189 1172 4240 an
1186 4166 1301 4256 eitius,
1316 4169 1403 4240 nihil
1420 4191 1484 4242 sna
1496 4170 1640 4265 referre.
1658 4169 1721 4243 Sat

741 4295 855 4355 tamen
872 4286 952 4374 cito,
971 4288 1066 4381 quod
1084 4301 1238 4384 tempore
1262 4291 1356 4366 vitae.
1373 4293 1462 4365 lium
1476 4314 1555 4366 sero
1572 4292 1720 4388 resipis-
