4100 6009
1084 903 1267 966 —l'lb-

675 1123 732 1177 tur.
746 1109 825 1190 Quid
840 1111 937 1194 itaque
951 1127 1014 1172 eum
1025 1108 1134 1172 talibus
1144 1111 1159 1170 l
1169 1108 1309 1194 Equidem
1327 1111 1390 1193 ipse
1400 1111 1579 1195 experientia
1593 1133 1652 1176 ma·

673 1219 765 1302 gistra
788 1217 919 1296 edoctus,
946 1227 1051 1300 preter
1070 1214 1185 1278 unicum
1200 1235 1218 1277 a
1231 1214 1386 1280 Solomone
1405 1230 1653 1299 premonstratum

673 1326 901 1392 efficacissimum
925 1324 1060 1403 ntedium,
1087 1323 1166 1407 quod
1191 1324 1289 1401 innuo,
1307 1323 1428 1387 alterum
1443 1345 1501 1389 non
1523 1328 1648 1392 inuenio.

672 1434 729 1500 Ubi
744 1436 818 1499 enim
833 1435 934 1498 rationi
951 1433 1037 1499 datur
1044 1433 1128 1511 ratio,
1140 1451 1193 1496 nee
1202 1425 1345 1496 dissensio
1368 1432 1408 1497 ibi
1434 1435 1582 1513 obstinax,
1599 1456 1652 1500 nee

667 1561 802 1608 assensus
814 1541 933 1621 tardus;
961 1541 1013 1604 sed
1026 1539 1077 1602 ubi
1098 1539 1156 1603 itur
1176 1539 1322 1624 opinione,
1339 1540 1448 1602 lrustra
1458 1541 1497 1603 ibi
1508 1541 1645 1607 obviatur

670 1646 900 1712 ratiocinatione.
918 1646 997 1726 Quid
1017 1646 1092 1708 euim
1107 1645 1187 1708 aliud
1204 1658 1248 1709 est
1268 1645 1399 1729 compelle
1420 1647 1538 1724 introeo,
1561 1667 1647 1732 quam

669 1755 727 1820 ooli
736 1754 895 1839 permittetje
909 1753 1054 1836 opiniones
1073 1764 1101 1815 et
1113 1752 1265 1816 obstinatos
1275 1754 1395 1837 perire?
1417 1752 1449 1817 Si
1461 1756 1559 1839 itaque
1574 1756 1653 1818 oeci·

672 1861 740 1926 dere
751 1860 942 1945 presumitur,
956 1860 1005 1943 qui
1014 1858 1080 1923 dnm
1092 1858 1195 1940 jurare
1205 1870 1311 1944 potest,
1329 1858 1469 1942 despicit:
1485 1860 1587 1942 juvare
1601 1881 1653 1926 eos

672 1967 788 2030 omniuo
799 1977 938 2044 wnemnr,
951 1985 987 2029 ne
1002 1965 1207 2029 homicidarum
1219 1950 1329 2030 anobis
1341 1966 1379 2030 ob
1390 1967 1579 2031 voluntariam
1590 1968 1656 2032 des-

670 2074 833 2156 picientiam
846 2074 1132 2138 incurraturcm'men.
1147 2071 1255 2136 lutare
1266 2083 1362 2136 autem
1377 2093 1433 2136 nou
1448 2085 1481 2138 nt
1491 2091 1588 2150 sanus,
1598 2074 1649 2139 sed

669 2185 702 2247 ut'
712 2181 996 2265 insanoszsiquidem
1007 2180 1238 2245 obstinatosnou
1250 2179 1372 2244 muitum
1383 2180 1648 2262 ddenabinseuo;

669 2289 900 2376 quieutinsauns
911 2287 1081 2352 malefacere
1093 2306 1150 2351 non
1166 2287 1290 2368 desistit,
1307 2287 1361 2352 nisi
1373 2288 1554 2366 convinctus,
1566 2290 1608 2352 ita
1621 2301 1652 2352 et

669 2395 835 2462 obstinatus
853 2396 1010 2480 quidquam
1028 2393 1099 2458 boni
1113 2394 1195 2474 lacit,
1222 2395 1276 2457 nisi
1300 2405 1431 2460 coactus.
1459 2395 1558 2474 Quare
1575 2407 1653 2461 uter·

669 2519 726 2586 que
736 2522 794 2566 uno
803 2503 960 2586 eodemque
970 2499 1056 2563 modo
1067 2501 1105 2565 ed
1115 2499 1257 2565 saniorem
1267 2512 1401 2580 mentem,
1416 2501 1489 2567 velit
1503 2502 1587 2582 nolit,
1605 2515 1649 2567 est

671 2608 853 2673 reducendus
864 2630 869 2669 :
881 2609 922 2672 ita
934 2607 1092 2672 utinsanus
1105 2605 1222 2690 ligetur,
1235 2607 1355 2672 nemala
1367 2607 1465 2689 iaciat,
1478 2618 1508 2671 et
1521 2607 1654 2672 obstina-

668 2725 717 2779 tus
737 2726 867 2797 cogatur,
880 2725 913 2777 ut
926 2713 1004 2778 bona
1028 2713 1133 2801 iaciat:
1159 2713 1280 2777 arbitrio
1304 2733 1403 2776 eorum
1428 2716 1649 2781 eoncedendum

667 2823 755 2908 plane
769 2821 820 2903 nil,
836 2839 900 2885 cum
910 2821 949 2885 sit
960 2820 1045 2905 plane
1055 2839 1173 2884 cecum.
1187 2820 1266 2899 Quid
1275 2821 1351 2885 enim
1362 2820 1558 2903 desideratur,
1568 2822 1648 2907 quod

666 2930 695 2992 iu
712 2927 813 2992 Rossia
825 2939 927 2992 nostra
941 2947 993 3011 pro
1008 2927 1179 2992 revocandis
1193 2927 1233 2992 ed
1249 2930 1392 2993 seniorem
1415 2939 1537 2992 mentem
1556 2930 1649 2994 scbis

663 3034 777 3098 metitis
788 3035 859 3098 uniti
871 3035 1007 3101 catholici
1016 3036 1082 3119 plus
1092 3054 1179 3118 quam
1192 3055 1243 3119 per
1253 3037 1375 3120 triginta
1385 3036 1538 3099 continuos
1552 3056 1646 3100 anuos

665 3163 722 3208 non
737 3143 887 3220 tentarint,
905 3161 960 3207 non
976 3143 1089 3227 egerint
1103 3143 1370 3227 predicationibus,
1388 3143 1645 3227 disputationibus,

666 3249 819 3334 colloquiis
837 3250 1025 3335 quotidianis,
1049 3251 1304 3330 admonitionibus,
1323 3251 1443 3334 seriptis
1470 3251 1608 3335 privatim
1621 3263 1651 3316 et

667 3357 796 3445 publice,
812 3369 841 3423 et
861 3358 1017 3423 secuudum
1042 3358 1217 3443 apostolum,
1242 3371 1398 3442 opportune
1422 3359 1650 3442 importuoeor-

669 3463 788 3546 poeudo,
801 3463 978 3540 obsecrando,
998 3464 1170 3549 ieerrpoodo
1185 3466 1214 3528 iu
1228 3465 1304 3527 omni
1310 3463 1449 3548 potientio
1463 3474 1489 3525 et
1498 3461 1649 3526 doctrino?

670 3569 733 3633 Non
746 3551 812 3654 plus
820 3581 916 3635 umen
929 3571 1051 3654 perbec
1064 3571 1161 3634 omnia
1174 3570 1252 3656 apud
1267 3569 1429 3634 obstinatos
1440 3569 1513 3632 istos
1524 3566 1652 3631 bomines

669 3675 834 3756 elleceruut,
844 3697 930 3772 quam
941 3679 965 3741 si
981 3678 1078 3742 surdis
1093 3677 1137 3760 lut
1147 3689 1191 3741 est
1205 3678 1236 3740 in
1252 3675 1420 3761 proverbio]
1436 3674 1564 3738 labulam
1578 3695 1653 3738 ner-

671 3795 778 3850 rarent.
788 3783 864 3848 lllud
876 3803 945 3848 vero
959 3804 977 3847 a
992 3803 1036 3850 me
1051 3795 1252 3870 prenotatam,
1263 3803 1282 3846 a
1293 3781 1408 3848 Christo
1423 3781 1544 3848 ffimino
1557 3781 1654 3847 eoele-

670 3890 721 3954 sin
731 3911 789 3956 suae
799 3910 853 3976 pro
868 3892 1023 3957 invitandis
1037 3892 1076 3957 ad
1093 3911 1203 3955 ennam
1225 3889 1364 3973 ejusmodi
1379 3890 1570 3975 immorigeris
1582 3890 1655 3952 bos-

667 3996 777 4078 pitibus
798 3997 973 4062 insinuatum
989 3998 1125 4075 medium,
1149 3997 1358 4083 aquibusdam
1383 3995 1519 4060 fidelibus
1536 3993 1653 4060 Ilcmiui

666 4103 711 4167 sui
725 4103 816 4165 servis
827 4103 854 4165 in
869 4101 1029 4168 ditionibus
1042 4105 1103 4168 suis
1114 4103 1288 4183 adhibitum,
1307 4101 1414 4167 multos
1428 4121 1466 4166 ex
1476 4101 1654 4186 riisetsepi·

667 4207 757 4272 busin
769 4209 881 4272 domum
898 4207 1010 4273 llomini
1023 4210 1132 4274 intrare
1147 4209 1229 4274 brevi
1242 4221 1370 4294 tempore
1386 4209 1464 4274 lecit.
1483 4205 1600 4286 Quodsi
1613 4208 1652 4271 ab

669 4314 801 4378 omnibus
821 4316 971 4380 catholicis
995 4317 1191 4398 adhiberetur,
1217 4318 1347 4400 prolecto
1375 4316 1509 4398 opinione
1528 4314 1652 4379 celerius
