4100 6009
1093 935 1134 946 —
1155 900 1277 964 182·-

693 1113 778 1176 sitata
789 1110 924 1174 incitatus
935 1109 963 1171 iu
980 1108 1033 1171 hus
1043 1119 1141 1191 partes
1148 1108 1225 1170 ueni.
1243 1105 1280 1170 lit
1294 1106 1430 1189 quoniam
1448 1108 1477 1170 in
1493 1119 1605 1194 tempus
1618 1111 1679 1175 hoc

694 1217 793 1296 incidi,
810 1235 875 1280 cum
889 1213 1002 1279 bellicis
1019 1211 1193 1277 tumultibus
1204 1211 1363 1293 hlolrleuia,
1378 1210 1530 1294 Valaebia‚
1546 1227 1577 1280 et
1587 1214 1681 1282 Tran-

693 1323 835 1408 syluania‚
853 1319 891 1384 oh
903 1319 1054 1385 Michaelis
1072 1318 1190 1382 multam
1206 1318 1445 1403 inquietudinem,
1463 1319 1636 1387 variationes
1648 1335 1680 1387 et

693 1433 813 1496 molinus
832 1429 1015 1506 turbaretur,
1043 1439 1074 1492 et
1092 1427 1207 1490 nornine
1232 1427 1405 1492 serenissimi
1430 1447 1465 1492 ec
1484 1431 1679 1514 potentissimi

694 1536 918 1621 Polonieregie‚
935 1535 972 1600 eh
987 1535 1051 1618 ejus
1065 1535 1224 1618 majestatis
1241 1534 1365 1598 ducibus
1387 1546 1418 1600 et
1438 1539 1571 1603 exercitu
1594 1537 1680 1603 lere-

694 1646 766 1708 mies
786 1643 906 1721 hlohila,
932 1641 1079 1725 palatinus
1101 1639 1254 1705 hloldavus
1267 1659 1319 1726 per
1332 1639 1500 1706 hliehaelem
1513 1643 1680 1728 principatu

695 1771 748 1816 suo
765 1761 881 1828 exutus,
911 1768 964 1812 suo
986 1746 1050 1810 loco
1072 1747 1272 1811 restitueretur
1288 1770 1295 1808 ε
1313 1745 1428 1811 litteras
1440 1768 1548 1834 quase
1569 1749 1601 1816 B.
1625 1771 1680 1835 pa-

693 1857 822 1924 triarcba
845 1875 909 1921 meo
932 1854 1062 1931 Meletio,
1080 1866 1139 1917 tum
1158 1836 1429 1917 ed'serenissimum
1441 1875 1549 1940 regem,
1565 1869 1624 1920 tum
1639 1859 1679 1922 ml

694 1964 768 2028 nlius
785 1963 866 2047 regni
891 1961 1020 2025 Polouiae
1041 1974 1071 2026 et
1093 1961 1190 2044 magni
1216 1960 1341 2024 ducatus
1356 1959 1516 2028 lithuanite
1529 1982 1677 2047 proceres,

695 2071 794 2151 habui,
810 2087 861 2153 per
885 2087 930 2132 me
950 2067 1072 2132 reddere
1083 2087 1138 2131 nou
1152 2067 1233 2151 potui
1248 2087 1255 2144 ;
1272 2079 1302 2132 et
1317 2087 1390 2152 quas
1404 2067 1526 2148 mddidi,
1540 2088 1598 2132 non
1611 2071 1681 2156 plu·

694 2179 784 2258 ribus,
799 2197 883 2262 quem
899 2175 1146 2240 Reverendissimo
1159 2193 1195 2237 nc
1215 2173 1413 2239 lllnstrissimo
1431 2175 1554 2240 Domino
1573 2176 1680 2244 loanni

690 2281 840 2348 Demetrio
868 2281 1035 2359 salientia,
1076 2280 1294 2364 archiepiscopo
1330 2279 1536 2366 Leopolieusi‚
1567 2282 1677 2349 Illustr.

695 2393 732 2458 [l.
751 2390 856 2458 loanni
877 2389 1041 2475 lanopoli,
1058 2389 1139 2471 regni
1166 2408 1300 2472 supremo
1321 2387 1496 2453 cancellario
1511 2403 1541 2454 et
1561 2394 1681 2456 exerci-

695 2515 775 2566 tuum
790 2499 868 2576 duci,
883 2498 948 2563 item
964 2496 1075 2560 illustr.
1089 2495 1125 2560 Ι).
1135 2494 1265 2583 palatino
1277 2496 1426 2562 Kiorienai
1440 2497 1584 2582 Ostrogiae
1598 2499 1678 2582 duci,

697 2623 821 2688 presens
836 2603 965 2667 exhibui.
984 2603 1022 2667 lit
1046 2623 1120 2689 quas
1142 2602 1173 2666 S.
1190 2602 1226 2665 lt.
1241 2584 1374 2667 lberam
1388 2623 1485 2666 coram
1500 2604 1677 2685 redditurus,

695 2733 784 2798 quum
797 2714 825 2776 in
840 2713 895 2775 boc
906 2723 1036 2795 tempore
1049 2721 1186 2796 praestare
1202 2729 1245 2773 me
1267 2729 1323 2772 nou
1335 2729 1419 2793 posse
1434 2722 1577 2795 oportune
1587 2714 1680 2779 intel-

694 2820 840 2896 lexissem,
859 2819 993 2881 mundato
1007 2819 1070 2900 ejus
1085 2817 1243 2898 maiestatis
1257 2816 1295 2881 ad
1309 2835 1410 2880 munus
1425 2815 1539 2881 Domini
1557 2819 1680 2902 paletini

696 2925 810 2990 Kiouiae
829 2942 888 2987 sum
915 2922 1058 3004 majestati
1081 2923 1264 3006 perferendas
1279 2920 1397 2988 tradidi.
1421 2921 1549 2988 Fuerunt
1569 2926 1636 2989 mibi
1650 2940 1682 2993 et

696 3033 761 3098 alie
776 3031 879 3095 littere
892 3030 930 3093 ad
941 3028 1039 3114 plnres
1060 3028 1088 3091 in
1108 3029 1216 3112 specie,
1232 3029 1389 3114 presertim
1401 3029 1440 3093 ed
1454 3041 1584 3095 sanatum
1596 3044 1683 3098 etor-

697 3139 779 3204 dines
796 3135 882 3218 hujus
900 3133 1084 3218 amplissimae
1103 3135 1285 3219 reipublice3
1300 3135 1353 3199 sed
1367 3156 1403 3199 ne
1426 3156 1512 3220 quam
1526 3142 1683 3223 presentia

696 3263 761 3310 mea
774 3244 857 3308 novis
871 3241 1142 3326 exasperationibus
1157 3242 1232 3306 inter
1241 3242 1294 3306 hos
1308 3242 1439 3307 homines
1452 3259 1550 3308 nomm
1564 3243 1683 3326 prebe-

695 3362 750 3432 ret,
768 3351 822 3415 etsi
838 3350 893 3413 boc
908 3348 1022 3412 minime
1043 3350 1201 3432 cogitarem
1217 3369 1270 3412 nee
1291 3350 1405 3413 omuino
1419 3347 1534 3428 vellem,
1552 3348 1591 3412 etl
1601 3369 1682 3414 meos

697 3443 964 3528 reuerti'constitni.
978 3456 1021 3522 Ne
1039 3470 1135 3523 tamen
1150 3457 1392 3524 existimationem
1406 3477 1509 3536 meum,
1523 3478 1588 3542 que
1598 3459 1679 3540 mibi,

696 3567 873 3633 ntomnibus
891 3565 963 3629 viris
975 3564 1061 3629 bonis
1075 3576 1105 3629 et
1125 3565 1254 3630 honestis
1274 3576 1319 3628 est
1332 3564 1551 3647 esseqnedebet
1566 3566 1684 3630 carissi·

696 3690 753 3751 ma,
770 3673 800 3736 in
822 3673 915 3738 medio
934 3671 1150 3756 relinquerem:
1172 3672 1227 3735 boc
1246 3672 1384 3755 scriptum
1404 3690 1499 3735 meum
1513 3693 1638 3756 presens
1652 3675 1682 3737 iu

696 3778 827 3841 menibus
852 3777 962 3842 lllnstr.
986 3798 1021 3842 ac
1048 3776 1208 3841 Revereud.
1234 3777 1446 3862 archiepiscopi
1468 3778 1679 3865 Leopolieusis,

695 3886 780 3968 eujus
794 3885 1001 3950 humanitatem
1016 3904 1086 3968 erga
1098 3904 1141 3948 me
1159 3897 1341 3968 perspectum
1357 3884 1510 3965 habebam,
1523 3885 1638 3969 reliqui.

736 3989 801 4069 Quo
819 3993 940 4077 primum
962 4003 1084 4057 attestor
1099 4004 1128 4057 et
1144 3995 1257 4075 integra
1271 3993 1328 4056 lude
1351 3993 1502 4075 prolueor,
1524 4012 1568 4055 me
1584 3993 1614 4052 in
1630 3993 1684 4054 has

694 4109 825 4179 pertusa
840 4097 992 4162 meisBll.
1009 4099 1184 4184 patriurchis
1199 4119 1255 4162 nou
1276 4100 1365 4162 luisse
1390 4097 1436 4161 vel
1458 4098 1557 4182 aliqua
1586 4099 1682 4160 eurio-

694 4204 790 4283 situle,
808 4207 854 4269 uel
873 4207 948 4270 malo
965 4209 1059 4272 animo
1080 4209 1214 4286 missum,
1240 4209 1291 4273 sed
1314 4209 1384 4292 quia
1412 4207 1482 4272 certi
1509 4207 1640 4270 homines
1653 4217 1684 4270 et

586 4355 589 4364 ,
696 4310 814 4392 domini,
831 4315 925 4397 quied
938 4314 991 4378 boc
1004 4335 1093 4399 usque
1103 4326 1226 4398 tempus,
1245 4315 1463 4398 momentique,
1482 4313 1554 4377 ritus
1566 4331 1684 4395 graecos
