4100 6009
788 873 953 944 ..35-

381 1088 546 1171 incurrat,
563 1092 622 1157 aut
639 1083 801 1155 unionem
818 1086 1005 1157 llomanam
1019 1099 1171 1181 respuat.
1189 1089 1263 1173 Quo
1276 1108 1360 1161 vero

380 1211 514 1285 felicius
527 1208 564 1283 id
578 1207 702 1281 evitari
718 1208 848 1294 valeat,
864 1208 921 1280 rel
931 1209 1092 1305 perbrevi
1116 1230 1178 1282 sao
1195 1214 1357 1305 pastorali

378 1334 626 1430 perstringeret
642 1334 793 1427 scripto:
807 1341 845 1403 et
855 1352 1029 1406 examore
1041 1334 1262 1427 paterncsnil
1280 1356 1359 1408 mo-

378 1452 488 1527 rando
499 1454 633 1529 Russiee
640 1454 878 1550 opitularetur,
890 1452 1171 1549 concordemque
1179 1454 1361 1551 iniissqai-

377 1578 443 1649 bus
455 1577 577 1649 salutis
591 1575 848 1672 appenderetur
861 1585 1087 1663 momentum,
1100 1595 1177 1649 earn
1193 1576 1366 1651 efficeret·

378 1701 423 1772 Se
437 1700 579 1795 quidem
592 1700 729 1771 unicum
745 1719 788 1770 ea
805 1698 991 1793 postulare,
1007 1699 1069 1772 sed
1088 1700 1190 1771 talem
1204 1701 1355 1789 unicum,

379 1823 415 1894 in
431 1823 530 1913 cnjus
546 1820 828 1917 archiepiscopali
842 1820 988 1897 dimensi
1004 1821 1133 1894 animae
1148 1822 1360 1897 dinumerari

378 1953 565 2039 nequeant.
577 1945 705 2017 Omnes
716 1966 856 2040 qnoque
866 1946 1012 2017 aliarum
1021 1944 1221 2032 dioecesum,
1232 1946 1357 2019 utrius-

378 2088 448 2162 que
469 2076 581 2154 statns
607 2067 702 2140 virus
724 2067 944 2151 clarissimos,
971 2088 1037 2139 nec
1064 2089 1133 2139 non
1161 2068 1358 2144 universam

377 2189 511 2265 Russiae
524 2189 717 2275 eeclesiam,
735 2210 815 2261 cam
832 2188 969 2263 infinita
980 2190 1184 2285 populorum
1202 2191 1356 2263 multitu-

378 2313 471 2400 dine,
491 2313 527 2385 iu
543 2334 582 2385 ee
601 2332 662 2384 ora
680 2312 868 2407 oculosque
884 2320 1090 2384 convertere
1110 2340 1116 2384 :
1136 2312 1195 2405 qui
1210 2334 1253 2385 eo
1268 2313 1369 2387 duce

378 2446 414 2507 et
429 2436 627 2530 naufragari
659 2445 695 2508 et
716 2436 762 2508 ad
783 2436 902 2509 salutis
926 2446 1064 2531 portum
1096 2434 1271 2530 appellere
1288 2459 1371 2509 va-v

379 2559 481 2635 leant,
497 2560 569 2631 Nec
581 2568 622 2630 ut
632 2559 801 2651 glorietur
815 2560 894 2632 heau
911 2580 1089 2645 asserere;
1108 2558 1170 2631 sed
1184 2558 1265 2653 quia
1276 2582 1374 2635 eum¹
1466 2574 1469 2581 '
1514 2566 1516 2571 '

378 2682 477 2769 caeci,
496 2691 572 2755 esto
584 2682 816 2769 monoculum,
833 2704 952 2777 regem
965 2704 1066 2755 suum
1083 2691 1218 2777 putant,
1231 2683 1371 2757 idcirce

379 2804 410 2877 si
426 2804 599 2899 repulsam
615 2803 659 2875 ab
675 2804 747 2890 illo,
766 2825 870 2897 quem
887 2824 957 2875 non
971 2805 1163 2891 existimat,
1191 2804 1355 2899 patietur,

379 2949 461 3020 quae
487 2947 561 2997 suae
591 2925 827 2998 conducerent
853 2926 991 3014 animae,
1028 2949 1285 3022 aggressurum.
1309 2968 1359 2985 ·—

378 3050 423 3121 ta
434 3050 506 3140 jam
522 3047 698 3121 scribendi
719 3048 824 3120 finem
846 3048 1024 3144 imponere
1041 3050 1204 3136 voluisse,
1225 3072 1304 3121 cum
1323 3052 1358 3122 in

378 3170 513 3244 oriente
538 3171 621 3242 olim
647 3171 766 3243 audita
789 3170 898 3243 menti
915 3172 1177 3257 succurrissent,
1196 3172 1359 3245 continuo

379 3317 465 3369 vero
487 3316 548 3367 cor
575 3296 662 3387 ejas,
694 3295 776 3369 satis
803 3316 973 3381 erronum,
1001 3304 1038 3366 ut
1069 3295 1173 3367 tineae
1197 3293 1358 3387 quaedam

379 3417 490 3514 magis
504 3419 720 3492 arroderent.
737 3420 782 3491 Et
799 3418 963 3514 quoniam
978 3417 1168 3505 occasionis
1191 3416 1279 3489 alius
1297 3418 1359 3489 la-

382 3553 468 3615 turae
483 3543 587 3638 longe
606 3544 760 3615 incertus
775 3554 879 3629 essct,
905 3542 1010 3615 etiam
1025 3541 1109 3613 istos
1121 3562 1214 3612 nano
1227 3562 1359 3615 morsus

380 3664 494 3737 eidem
520 3687 712 3761 proponere
732 3665 927 3737 leniendos.
946 3665 1100 3750 Quorum
1118 3664 1265 3758 primum
1283 3683 1359 3734 esse

380 3786 651 3860 combustionem
668 3788 836 3864 librorum
848 3787 896 3857 Dc
909 3784 988 3885 fidei
1004 3782 1216 3880 dopmctibus,
1232 3784 1358 3855 lleletii

381 3908 624 3999 Alexandrini,
633 3908 1124 4007 posteaCcnstantincpotitani
1139 3906 1354 4001 patriarchae.

381 4031 549 4121 Alterum,
564 4032 836 4111 combustionem
862 4029 1137 4105 lucubrationum
1162 4027 1359 4123 metropoli-

383 4157 452 4227 tani
482 4155 667 4252 lllyrensis,
687 4156 852 4227 llatthaei.
891 4152 946 4226 Ad
981 4154 1078 4239 baec,
1111 4149 1359 4225 confessionem

381 4278 562 4368 Gabrielis,
581 4280 830 4376 archiepiscopi
854 4277 1173 4373 Philadelplriensis,
1194 4276 1227 4435 ip
1249 4294 1359 4367 agone
