4100 6009
777 961 940 1023 ...612-

368 1165 808 1262 seipeumvesteubvelare
823 1164 917 1236 velit.
937 1167 1012 1240 Non
1026 1146 1356 1240 enim'obiuitNico*

370 1291 475 1363 demo
484 1290 640 1363 occultus
652 1287 876 1383 discipulatus
886 1286 1024 1359 Christi.
1043 1288 1161 1381 Neque
1169 1288 1357 1381 apostulis:-

369 1436 439 1486 non
451 1415 567 1487 statim
585 1423 662 1508 pest
673 1413 918 1485 decensionem
937 1412 1070 1485 Domini
1085 1412 1329 1508 praedicavisse
1340 1434 1358 1501 ;·

368 1539 432 1611 sad
458 1551 598 1635 prepter
629 1548 760 1610 metum
789 1536 987 1610 ludaeorum
1010 1534 1088 1609 sese
1115 1538 1270 1611 occlusos
1293 1548 1351 1611 te-

369 1660 497 1746 nuisse,
522 1661 713 1754 usquedum
740 1671 880 1732 sanctus
904 1682 1009 1755 super
1033 1680 1092 1732 eus
1115 1658 1351 1733 descendisset

368 1783 525 1878 Spiritus.
570 1784 692 1857 Vestra
727 1806 833 1880 porro
865 1784 1058 1856 Dominatiu
1095 1806 1164 1857 non
1183 1782 1285 1857 'metu
1315 1787 1350 1859 id

369 1905 510 1993 laceret,
528 1906 592 1979 sed
608 1907 689 2001 quia
714 1907 884 1997 ejusmodi
912 1905 1045 1977 ratione
1076 1908 1192 1999 plures
1209 1909 1242 1979 in
1260 1904 1350 1981 viam

368 2030 490 2103 salutis
513 2030 689 2125 deducere
718 2041 844 2125 posset.
879 2030 934 2102 Uti
964 2051 1071 2101 verus
1085 2050 1212 2125 auceps
1229 2052 1351 2103 verum

368 2151 750 2238 nonexuitheminem,
780 2153 810 2224 si
831 2151 1041 2244 refugientes
1069 2150 1352 2246 speciemhuma·

310 2272 315 2279 ’
369 2294 551 2347 namanes
569 2287 794 2371 assuetusque
819 2275 1039 2361 animalibus,
1071 2286 1182 2349 tectus
1206 2276 1352 2369 alicujus

368 2397 527 2469 animalis
542 2398 633 2484 velo,
661 2420 738 2471 sese
754 2398 823 2470 illis
840 2398 1044 2484 immisceat,
1071 2408 1106 2469 et
1129 2397 1175 2470 ad
1198 2420 1235 2470 se
1252 2392 1351 2494 pettiss

368 2520 459 2592 ciet.⁴
480 2520 594 2615 Atque
617 2521 706 2595 adeo
722 2544 827 2617 super
843 2524 1001 2595 Vestram
1017 2524 1351 2596 deserendissimam

368 2645 641 2717 Dominationem
670 2645 814 2718 minime
829 2644 915 2719 illud
928 2644 1069 2719 caderet
1091 2676 1097 2717 ε
1119 2645 1177 2744 qui
1190 2672 1352 2745 menapu-

367 2765 450 2836 rerit
465 2791 572 2838 coram
585 2764 775 2853 luminibus,
789 2778 824 2841 et
838 2769 970 2863 reliqua
994 2766 1164 2856 -Adde,
1181 2769 1274 2864 quod
1288 2792 1352 2843 nee

370 2890 456 2963 illud
472 2892 612 2964 tandem
634 2895 826 2987 aufugeret,
849 2904 885 2965 ut
900 2896 1022 2967 Vestra
1052 2895 1351 2969 Reverendissima
1437 2967 1440 2973 .

368 3014 563 3086 Dominatlo
589 3015 806 3087 manifestam
834 3036 872 3087 se
900 3018 1030 3089 faceret
1055 3018 1157 3108 juxta
1173 3008 1351 3092 credulum

367 3137 403 3207 S.
422 3136 548 3212 Pauli:
586 3134 688 3209 Cerdo
718 3130 862 3209 creditur
890 3137 934 3210 nd
952 3138 1132 3235 justitium,
1164 3164 1218 3211 ore
1244 3153 1352 3212 autem

275 3264 283 3281 ‘
364 3257 404 3355 fit
415 3258 565 3355 masesele
578 3257 623 3329 ud
640 3259 787 3333 salutem.
820 3262 863 3333 lit
889 3262 1035 3335 credere
1056 3264 1142 3336 mihi
1159 3266 1257 3352 velit,
1274 3282 1359 3338 eam·

367 3381 544 3453 hominum
570 3381 616 3453 de
645 3404 684 3453 se
707 3382 906 3478 opinionem
937 3407 1005 3456 non
1022 3406 1215 3461 evasuram.
1236 3390 1352 3462 Mons-

365 3506 455 3577 trevi
470 3505 652 3600 epistolam
668 3504 713 3577 ad
727 3505 957 3600 patriercham
973 3509 1136 3603 scriptam
1168 3512 1294 3598 Retuli,
1312 3522 1349 3585 ut

367 3648 615 3721 praecaverem,
648 3628 731 3723 quid
757 3650 838 3724 pars
859 3629 1005 3702 adversa
1023 3632 1161 3704 sentiat.
1179 3634 1349 3707 Recensui

366 3748 450 3842 quid
465 3750 609 3824 auribus
626 3752 713 3825 meis
729 3753 803 3849 ipse
814 3755 1031 3851 exceperim,
1048 3755 1204 3830 existens
1221 3759 1349 3830 Lucen-
1440 3768 1443 3773 ’

367 3871 446 3955 riae,
465 3871 499 3943 in
526 3894 626 3945 coena
641 3874 734 3970 apud
756 3876 1020 3948 illustrissimum
1043 3878 1108 3949 luci
1137 3877 1348 3973 episcopum,

368 3994 467 4085 regni
484 3999 817 4098 *presencellarinm
849 3998 912 4073 Ubi
936 3999 1167 4073 adducentes
1197 4012 1351 4073 nostrum

369 4129 560 4190 numeratae
607 4142 778 4214 personae,
812 4121 894 4194 dum
941 4123 1192 4197 illustrissimus
1223 4126 1351 4197 enstel-

367 4243 466 4312 lenus
506 4241 700 4316 Kioviensis
741 4244 867 4328 edixit,
913 4248 1070 4319 Vestram
1114 4248 1346 4320 Reverendis'-

367 4365 488 4437 simam
531 4367 806 4440 Dumiiretionem
845 4392 889 4441 er
932 4370 1000 4443 illis
1031 4371 1228 4464 regionibus
1272 4394 1349 4445 cum
