4100 6009
1084 822 1247 889 43-

676 1030 761 1103 mini
786 1051 863 1102 sese
887 1027 1099 1116 offunderet,
1122 1028 1218 1101 illum
1243 1030 1354 1125 ipsum
1387 1030 1495 1127 probe
1526 1052 1627 1104 nosse

674 1177 752 1227 oum
770 1174 817 1225 ex
830 1174 874 1225 eo
890 1152 1095 1246 inquireret,
1114 1151 1242 1246 ecquid
1256 1150 1426 1241 Meletiua,
1445 1164 1567 1227 eontra
1582 1176 1658 1226 cor-

675 1288 808 1349 rectum
835 1274 993 1348 scribens
1019 1273 1273 1362 calendarium,
1305 1284 1356 1349 tot
1382 1278 1579 1364 miracula·
1594 1276 1657 1349 sed

675 1399 845 1485 exsoleta,
862 1398 1139 1494 adprobandum
1152 1408 1253 1471 vetus
1267 1399 1451 1494 coegisset,
1466 1400 1657 1496 hierosoly-

676 1522 844 1594 mitanum
857 1521 1100 1617 praeteriisaetl
1111 1530 1148 1593 et
1161 1520 1272 1617 ipsum
1282 1522 1361 1609 sibi,
1377 1523 1521 1595 totviria
1529 1522 1659 1616 dignis
1789 1621 1790 1625 Ἴ

676 1644 773 1717 simis
780 1642 1009 1730 adstantibus,
1019 1643 1179 1715 retulisse
1192 1668 1199 1713 ε
1212 1644 1269 1715 «al
1278 1643 1315 1717 ld
1324 1645 1460 1717 unicum
1470 1646 1507 1715 in
1515 1644 1660 1717 ecclesia

677 1788 771 1841 nnuc
794 1765 983 1839 haberetur
1004 1765 1165 1838 orientali
1188 1766 1415 1853 miraculum,
1442 1783 1563 1839 omnes
1586 1762 1659 1839 iere

678 1890 807 1962 lurcos
820 1907 922 1985 posse
938 1888 1015 1961 lieri
1032 1889 1191 1962 crederet
1207 1886 1424 1963 christianos.
1442 1890 1558 1977 »Quid
1575 1907 1659 1962 vero

677 2012 763 2083 certi
780 2034 860 2083 oum
877 2012 943 2084 isto
953 2009 1025 2083 illio
1039 2009 1099 2083 fiat
1112 2011 1206 2105 igue,
1222 2030 1269 2083 ex
1285 2010 1481 2107 patriarcba
1496 2008 1657 2083 hieroso-

678 2137 847 2232 lymitano
861 2137 1070 2230 Theophane
1082 2146 1199 2229 postea
1211 2136 1436 2227 cognovisse3
1453 2136 1513 2230 qui
1527 2136 1659 2231 primus

679 2264 776 2336 illum
789 2273 825 2335 et
837 2261 1045 2355 perciperet,
1064 2270 1100 2331 et
1117 2260 1310 2355 porrigeret
1326 2259 1414 2331 aliis.
1432 2260 1561 2332 Verum
1577 2238 1666 2354 quia

678 2385 827 2458 Rutbeui
838 2402 916 2457 enm
935 2384 1051 2477 ignom
1068 2376 1281 2457 artificialem
1298 2404 1359 2479 pro
1376 2382 1506 2456 caelesti
1519 2380 1656 2453 mordi-

676 2528 740 2580 cus
759 2507 917 2593 credant,
936 2518 972 2579 et
987 2508 1023 2577 in
1040 2506 1218 2577 erroribus
1239 2506 1311 2577 anis
1332 2504 1560 2600 pervicaciter
1576 2505 1657 2575 hae-

663 2643 769 2718 rent,
795 2632 875 2704 ideo
892 2630 1187 2726 pernecessarium
1210 2647 1300 2715 esse,
1319 2630 1379 2722 qui
1396 2631 1500 2702 etiam
1517 2629 1561 2701 de
1582 2628 1654 2714 illo,

678 2757 753 2848 ejus
776 2756 886 2851 ipsius
907 2753 1069 2848 pergnovi
1087 2751 1313 2823 informentur
1334 2752 1506 2847 epistolio.

726 2880 836 2951 llasoe
849 2877 954 2969 igitur
965 2885 1114 2970 quatuor
1135 2876 1315 2949 mordaces
1341 2871 1457 2949 cordis
1479 2876 1601 2963 tineas,
1622 2876 1656 2947 in

675 2997 1095 3092 orientalibusacquisitus
1103 2998 1225 3093 plagis,
1245 2998 1457 3071 remensibus
1469 2998 1658 3091 adjungere

676 3124 863 3221 prioribus,
881 3134 917 3196 et
934 3124 1050 3197 eidem
1067 3125 1239 3198 eruendas
1255 3125 1502 3197 transmittere.
1521 3126 1573 3196 lix
1586 3125 1657 3218 qui-

675 3248 743 3319 bus
757 3245 844 3319 duas
859 3247 1001 3341 primas,
1017 3244 1117 3341 quasi
1130 3262 1217 3319 voce
1232 3246 1395 3340 quadam,
1411 3245 1471 3318 diu
1485 3256 1657 3339 noctuque

674 3366 741 3441 sibl
754 3368 986 3441 inclamitare:
1002 3366 1124 3452 Haloti,
1143 3367 1265 3454 Malata,
1284 3366 1356 3439 uide
1371 3366 1451 3466 quid
1464 3366 1579 3463 aperis,
1590 3388 1658 3464 pute

675 3491 828 3563 anertto
843 3489 1032 3587 scriptam
1045 3510 1122 3589 quos
1135 3484 1304 3579 Eleusina,
1320 3514 1400 3589 quos
1418 3487 1658 3587 Verificotionas,

676 3630 746 3710 quae
756 3610 825 3684 ulia
835 3611 998 3685 solmam
1012 3610 1178 3684 edideris?
1190 3624 1346 3710 quantum
1360 3610 1550 3709 pontificem,
1562 3608 1660 3709 fidem
1774 3662 1778 3671 -

673 3732 874 3820 catholicum,
904 3734 1067 3807 ecetesiam
1101 3734 1237 3808 latinam
1262 3727 1408 3811 luseris?
1440 3734 1511 3806 Alii
1533 3734 1659 3808 Rctsioe

670 3857 817 3954 perversi
832 3858 1004 3957 scriptores
1019 3859 1165 3959 praviter
1184 3882 1264 3945 oum,
1283 3874 1486 3959 sanctumque
1506 3860 1575 3958 ejus
1593 3884 1660 3957 pu-

672 3992 789 4052 storem
800 3980 1082 4077 perstrineeront3
1097 3982 1152 4054 sed
1170 3994 1206 4053 tu
1219 4008 1289 4080 pro
1307 3982 1385 4055 aliis
1415 3982 1506 4081 lonpe
1527 3980 1656 4078 procia-

668 4102 752 4177 sima
783 4102 986 4176 vulnerasti?
1015 4103 1192 4178 Matutam
1221 4104 1273 4177 tto
1304 4104 1479 4205 Myrtosis,
1511 4098 1662 4178 Meterius

671 4224 916 4330 nicenadrinns
946 4242 976 4300 et
1009 4228 1394 4327 Constantinopolitanae,
1429 4218 1662 4301 lucubrationes
