4100 6009
737 901 901 964 ..49-

379 1106 580 1179 «Certenon
597 1108 836 1201 arrogaverim
845 1108 929 1181 mihi
945 1111 1034 1205 (quis
1042 1114 1133 1185 enim
1143 1118 1261 1211 sumt),
1279 1130 1314 1191 ut

323 1230 500 1322 corrigam
518 1229 694 1302 bominem
710 1230 839 1322 ingenii
857 1232 989 1325 magni,
1009 1234 1166 1309 lectionis
1180 1240 1312 1326 multae,

324 1352 421 1448 quod
433 1375 481 1425 ex
497 1353 638 1449 scriptis
652 1362 759 1448 patet.
780 1352 849 1425 Sed
864 1354 899 1425 in
913 1376 952 1426 re
968 1357 1144 1451 proposita
1163 1338 1314 1436 dicendo

326 1474 638 1569 aliquaattigerim.
652 1475 850 1547 Declaravit
862 1498 899 1548 se
911 1475 993 1548 mihi
1008 1478 1130 1552 Vestra
1141 1482 1314 1555 Reveren—

326 1596 468 1669 dissima
484 1598 687 1684 Paternitas,
699 1599 746 1669 ita
760 1608 824 1670 est.
836 1600 928 1699 Dato
943 1598 1065 1689 verbo,
1076 1624 1215 1676 manum
1229 1604 1315 1679 dare

325 1720 429 1791 nobis
442 1732 560 1815 parata
577 1723 655 1806 luit,
670 1744 794 1794 verum
807 1732 871 1794 est.
890 1723 956 1817 lpsi
968 1724 1074 1796 etiam
1088 1725 1316 1803 illustrissimo

324 1844 590 1939 metropolitano
606 1843 798 1931 Kioviensi,
820 1846 970 1941 losepho
984 1849 1139 1937 llutscio,
1154 1848 1313 1924 daturam

327 1988 366 2037 se
387 1990 527 2039 manum
549 1968 801 2041 communionis
821 1971 1051 2059 asseveravit,
1071 1994 1141 2043 non
1163 1994 1206 2045 eo
1230 1974 1314 2047 infi-

326 2089 408 2161 cias.
427 2089 557 2162 Verom
578 2092 775 2165 meminisse
794 2112 935 2165 suorum
952 2094 1036 2166 velit
1054 2094 1256 2185 verborum,
1276 2120 1313 2171 se

328 2234 396 2285 non
410 2235 430 2285 a
444 2214 698 2301 sexennio,sed
707 2215 898 2311 plusquam
911 2237 932 2287 a
945 2215 1118 2290 decennio
1130 2222 1313 2312 agnovisse

326 2358 481 2408 errorem
501 2365 510 2409 :
531 2359 599 2410 non
617 2338 777 2433 spiritum
803 2338 865 2409 Dei
893 2338 927 2409 in
953 2361 992 2411 se
1015 2351 1211 2435 operatum,
1232 2366 1313 2416 cum

328 2461 492 2557 pestilens
520 2461 716 2557 scripsisset
738 2462 948 2545 Lomentum,-
970 2462 1033 2535 sed
1058 2465 1200 2560 spiritu,
1230 2488 1314 2562 pace

327 2587 404 2677 ejus
428 2586 591 2673 dixerim,
615 2585 829 2673 ambitionis,
852 2587 976 2681 spiritu
997 2587 1188 2677 haereseos,
1210 2613 1314 2687 quem

328 2708 363 2779 iu
379 2709 507 2782 sobolis
521 2708 719 2782 attraxisset
733 2707 922 2782 haereticis.
939 2710 1071 2805 Ecquid
1089 2733 1173 2804 ergo
1189 2715 1312 2787 Vestra

328 2832 633 2907 Reverendissima
651 2832 845 2908 Paternitas
861 2834 947 2905 alios
961 2834 1118 2929 procudit
1139 2836 1269 2908 libros?
1280 2838 1315 2908 in

328 2954 459 3049 quibus
483 2975 525 3026 ea
553 2953 693 3048 quaein
719 2954 866 3025 lamento
885 2956 1163 3043 continebantur,
1187 2955 1317 3030 confir-

326 3075 457 3163 mabat,
476 3060 707 3165 collaudabat,
727 3089 763 3151 et
783 3078 965 3150 revolvere
987 3080 1112 3174 cuique
1127 3080 1307 3154 suadebat.

327 3202 405 3273 Non
431 3202 578 3297 putarim
603 3203 763 3275 Vestram
786 3202 1123 3276 Reverendissimam
1144 3204 1313 3277 [lomina-

326 3322 458 3395 tionem
476 3337 698 3411 asserturum,
719 3324 755 3397 iu
773 3325 843 3397 illis
860 3347 985 3398 nomen
1002 3348 1105 3397 suum
1125 3347 1194 3397 non
1215 3326 1314 3399 exsi-

327 3455 434 3532 stere;
450 3446 543 3542 quod
563 3447 595 3519 in
604 3457 781 3540 postremo
794 3446 922 3542 scripto
935 3446 1073 3547 suo,ad
1088 3447 1312 3539 relegendum

328 3566 414 3639 illud
439 3569 664 3656 stimulando,
690 3570 874 3665 propalare
901 3570 1024 3642 voluit.
1055 3571 1143 3642 Nam
1169 3569 1311 3654 inillis,

327 3687 451 3760 eadem
469 3688 578 3760 verba
595 3698 631 3759 et
647 3689 788 3773 litterae,
810 3705 974 3783 tanquam
988 3700 1118 3762 tessera
1130 3688 1310 3776 librorum,
1364 3717 1366 3720 ·

329 3831 351 3882 a
379 3812 504 3885 Vestra
529 3812 831 3885 Revereudissima
860 3812 1100 3885 Domiuatione
1124 3811 1314 3884 Dobrnmili

328 3953 551 4021 excusorum,
568 3936 795 4030 nempeoso.
808 3934 1039 4029 reperiuntur.
1055 3933 1315 4028 Exqoibuscui-

328 4052 413 4141 libet
428 4055 594 4151 colligere
610 4058 784 4151 integrum
802 4057 878 4145 fuit,
896 4078 937 4131 ea
950 4058 1019 4129 tela
1035 4056 1192 4149 ejusdem
1210 4056 1315 4131 tuisse

327 4177 490 4253 officinae.
507 4182 630 4277 Neque
647 4182 752 4253 etiam
766 4181 1010 4269 existimarim,
1035 4182 1193 4255 Vestram
1209 4182 1317 4253 llere

325 4299 564 4384 rendissimam
603 4303 847 4376 Pateroitatem
882 4304 1074 4389 dicturam,
1103 4303 1216 4377 editos
1242 4324 1320 4375 csso
