4100 6009
1108 788 1272 853 „52-

699 1000 774 1075 {ieri
789 1008 868 1071 ‘orte
889 1009 925 1071 ot
949 1021 996 1071 ex
1016 1000 1209 1086 industrio,¹
1226 996 1269 1071 ad
1288 992 1521 1075 incutiendam
1546 998 1704 1074 infide-

699 1123 1052 1209 liboscevetentiem,
1064 1123 1116 1196 ‘od
1132 1116 1351 1197 excitandam
1371 1126 1534 1217 mefmem
1552 1128 1586 1199 in
1606 1150 1722 1201 cor-,

699 1244 802 1316 dibus
826 1242 980 1317 fidelium
1005 1245 1240 1333 devotionem.
1266 1242 1360 1318 sone
1393 1236 1427 1319 id
1453 1236 1568 1319 'totum
1597 1247 1725 1318 nihii·

699 1370 794 1441 atiud
808 1380 875 1455 est,
894 1380 932 1441 ot
944 1370 1125 1461 ignoscere
1133 1368 1235 1454 'vetit
1252 1377 1355 1464 quatn
1370 1362 1587 1466 epod'lovem
1603 1353 1720 1467 pte-‘

701 1491 1117 1577 heooiemooctoritetem
1132 1492 1199 1564 sibi
1219 1492 1419 1581 conciliare,
1436 1494 1597 1589 sstiusque'
1614 1490 1710 1562 ani-

701 1634 778 1688 mos
794 1613 831 1685 in
846 1612 1027 1685 ecclesiam
1043 1616 1232 1688 Romanam
1247 1614 1474 1689 exacerbare.
1497 1602 1708 1687 Enimvero

702 1736 808 1807 etiem
819 1737 955 1812 Vestrae
967 1737 1282 1811 Reveroodissimae
1294 1730 1494 1809 paternitati
1507 1736 1592 1809 nihil
1606 1735 1706 1807 inde

706 1855 936 1950 promonobit.
956 1857 1126 1942 Quoniam
1142 1858 1279 1931 taudari
1296 1880 1316 1931 a
1333 1858 1419 1930 vicis
1434 1858 1596 1940 laudatis,
1614 1858 1702 1929 lou-

705 1981 822 2053 dchile
839 2003 888 2082 :e
898 1982 1018 2055 mobili
1034 1993 1069 2054 et
1081 1982 1273 2056 illaudo'bili
1283 1980 1403 2078 plebe,
1424 1974 1537 2078 potius
1551 1982 1703 2075 vitupe-

707 2106 830 2180 obite.
862 2105 968 2181 titius.
986 2126 1074 2177 vero
1088 2104 1324 2197 exacerbatio
1355 2117 1476 2177 contra
1508 2102 1701 2183 ecclesiam

707 2229 989 2330 itomanamscui
1008 2228 1130 2301 obesse
1151 2228 1284 2323 nequit,
1304 2228 1384 2320 jure
1408 2229 1533 2301 merito
1556 2228 1633 2299 cani
1657 2228 1700 2297 in

706 2354 824 2427 ionem
837 2353 975 2447 plenam
988 2352 1130 2425 latranti
1147 2352 1356 2448 equiperari
1370 2363 1503 2447 potest:
1520 2374 1602 2447 quae
1615 2352 1702 2443 ejus

707 2477 835 2551 latratu
855 2496 969 2570 neque
986 2475 1102 2548 lumen
1124 2476 1253 2573 perdit,
1272 2496 1387 2571 neque
1400 2498 1538 2549 cursum
1552 2474 1699 2548 cohibet

709 2621 823 2673 suom.

766 2722 926 2793 «iterum
938 2721 1020 2795 totio
1033 2724 1094 2807 22,
1111 2724 1157 2796 23
1171 2729 1207 2794 et
1219 2720 1265 2797 24
1272 2723 1343 2814 jam
1356 2731 1539 2817 apostatas,
1552 2722 1624 2814 jam
1638 2744 1699 2797 se-

710 2841 872 2920 ductores
887 2842 1014 2927 unitos,
1033 2852 1069 2913 et
1085 2853 1253 2916 sexcenta
1274 2844 1309 2915 in
1331 2864 1405 2931 cos,
1422 2838 1698 2939 pontificemque

711 2966 903 3038 Romanum
919 2964 1088 3057 congerit
1126 2977 1322 3039 commenta
1339 2993 1347 3036 z
1364 2988 1511 3059 quorum
1548 2976 1584 3037 et
1622 2966 1693 3039 atie

711 3086 840 3183 scripto
855 3088 989 3163 Vestrae
1013 3088 1325 3162 Reverendissimae
1354 3088 1572 3163 Paternitatis
1611 3100 1696 3163 sunt

712 3210 922 3308 pienissimo.
937 3211 1108 3299 Addatur,
1127 3211 1220 3306 quod
1247 3212 1350 3284 etiem
1368 3218 1585 3285 sacramento
1597 3212 1701 3285 itero-v

712 3336 798 3414 toni
814 3356 884 3409 non
905 3335 1079 3427 subjecta,
1105 3334 1151 3407 eb
1174 3336 1282 3409 unitis
1305 3336 1443 3421 collate,
1468 3324 1603 3409 Kiovi'ae
1624 3358 1697 3408 non

710 3459 788 3532 sine
802 3469 922 3554 aperto
933 3460 1105 3554 iterantur
1119 3460 1312 3553 sacrilegio.

726 3580 1699 3677 <«Necmirom:qoieVeetreReverendissimai’oteroitas

715 3707 751 3777 in
762 3703 1124 3802 suaVerifiootionedoi.
1138 3705 1496 3791 32‚loiooe‚hominae
1507 3708 1696 3803 simplices,

714 3830 1103 3924 nostroepraeiatooesse
1114 3841 1234 3902 censet
1249 3830 1342 3902 etita
1355 3830 1698 3927 traducit,'atqueab

716 3950 783 4023 ittio
794 3960 1015 4025 consecratos
1030 3972 1126 4023 mere
1139 3972 1207 4023 non
1225 3963 1442 4029 consecratos
1459 3936 1701 4049 reputa'ttte-

716 4076 782 4147 tior
801 4074 933 4147 scilicet
955 4085 992 4146 et
1006 4072 1137 4159 verior,
1163 4076 1209 4147 ob
1224 4076 1343 4171 atiquo
1359 4078 1546 4173 impostore
1557 4098 1649 4173 vago
1664 4090 1706 4149 et·

717 4207 817 4270 extre
831 4220 931 4272 suom
948 4196 1127 4307 dioeoesim
1148 4198 1237 4271 iacto
1257 4198 1483 4286 consecratio,
1501 4222 1606 4293 quam
1628 4220 1699 4270 no-

1862 4374 1866 4474 t

1862 4586 1867 4753 t
