4100 6009
1084 962 1264 1027 -138-

683 1175 784 1246 riosae
797 1170 1047 1244 recordationis
1061 1169 1217 1264 pontifex
1232 1168 1453 1265 dignatusest
1466 1173 1609 1262 honore,
1623 1187 1661 1248 nt

683 1297 717 1366 in
748 1294 913 1368 mundum
946 1292 1138 1387 descripta,
1180 1295 1280 1364 simul
1320 1317 1399 1366 cum
1435 1296 1663 1387 originalibus

684 1417 925 1511 manuscriptis
938 1417 1144 1502 Meletianis,
1163 1418 1197 1487 in
1219 1428 1333 1489 castro
1349 1420 1458 1490 sancti
1472 1422 1607 1514 Angeli,
1625 1422 1660 1492 in

682 1540 808 1612 selecta
838 1537 1048 1609 bibliotheca
1071 1538 1255 1632 apostolica
1283 1541 1401 1633 reponi
1426 1541 1655 1614 mandaverit.

691 1704 695 1712 ·
731 1660 801 1732 Sed
833 1660 1031 1731 meminisse
1060 1660 1118 1731 hic
1143 1659 1273 1750 juverit
1300 1662 1465 1734 mirabilis
1482 1662 1661 1754 cujusdam

683 1793 841 1868 eventus,
869 1782 914 1854 de
941 1805 1009 1877 qno
1037 1783 1071 1853 in
1095 1781 1248 1854 uectat
1264 1805 1325 1856 sua
1342 1785 1392 1855 sic
1409 1785 1628 1856 Smotriscius
1654 1813 1662 1854 :

687 1939 705 1972 «
723 1909 811 1980 Ecce
833 1907 904 1997 jam
935 1909 1026 1979 solus
1049 1907 1140 1978 Deus
1163 1907 1252 1978 inter
1281 1930 1336 1978 me
1353 1919 1463 1979 etvos
1479 1908 1659 1997 discernit,

683 2031 761 2125 quis
778 2031 954 2102 innocens.
973 2031 1056 2101 Rem
1074 2050 1246 2123 exponam
1262 2029 1490 2103 admiratione
1516 2042 1551 2103 et
1578 2052 1664 2104 oon-

683 2154 890 2226 sideratioue
914 2151 1067 2244 dignam,
1097 2175 1164 2224 non
1193 2164 1395 2248 propterte,
1420 2155 1479 2247 qui
1500 2154 1566 2226 hoo
1580 2177 1659 2249 spe-

683 2275 784 2347 ctasti
803 2274 999 2368 (alloquitur
1022 2273 1171 2346 Antidoti
1199 2276 1405 2368 auctorem);
1432 2274 1494 2346 sed
1523 2288 1663 2369 propter

683 2399 771 2485 illos,
788 2399 847 2494 qui
863 2419 932 2470 non
945 2397 1143 2470 audierunt.
1161 2398 1205 2469 Et
1231 2399 1373 2490 contigit
1390 2420 1480 2471 anno
1496 2401 1662 2492 praesenti

684 2525 793 2609 toea,
806 2524 916 2619 prima
930 2521 1101 2595 dominica
1114 2521 1405 2617 quadragesimae,
1422 2523 1457 2593 in
1474 2523 1663 2595 cathedrali

685 2646 830 2717 ecclesia
852 2645 1042 2717 Kioviensi.
1065 2646 1150 2717 Cum
1176 2645 1400 2718 enimclerus
1424 2655 1551 2732 vester,
1584 2667 1662 2717 cum

684 2791 746 2841 suo
763 2771 1025 2865 metropolitano
1041 2769 1086 2841 ad
1103 2769 1296 2841 feriendum
1316 2770 1431 2843 unitos
1443 2769 1662 2842 anathemate

687 2891 925 2978 confluxisset,
946 2902 981 2962 et
996 2889 1164 2963 sacrificio
1176 2905 1329 2987 peracto,
1342 2915 1430 2963 unus
1445 2913 1565 2964 eorum
1581 2915 1662 2985 sug-

683 3027 832 3108 gestum,
868 3015 1043 3108 ingentem
1075 3035 1118 3086 eo
1146 3026 1394 3110 congregatum
1419 3016 1662 3087 informaturus

684 3140 862 3234 populum,
889 3137 1100 3210 ascendisset
1122 3163 1128 3207 :
1148 3158 1230 3208 ecce
1259 3138 1336 3222 tibi,
1360 3137 1492 3210 medias
1510 3137 1600 3208 inter
1615 3136 1662 3208 de

684 3263 761 3333 aliis
797 3261 1027 3347 invectiones,
1060 3283 1138 3332 cum
1169 3261 1336 3355 meipsum
1370 3261 1484 3354 gentis
1508 3260 1666 3351 judaicae

686 3385 775 3457 hosti
816 3381 925 3453 Amen
966 3392 1202 3477 compararet,
1231 3382 1364 3454 Russiae
1393 3391 1661 3475 persecutorem,

685 3509 842 3579 ecclesiae
854 3505 1029 3578 orientalis
1046 3505 1257 3577 desertorem
1273 3504 1476 3599 appellaret,
1492 3501 1536 3574 de
1548 3502 1662 3574 media

686 3630 1010 3726 multitudinepuer
1034 3631 1174 3725 quidam
1205 3649 1330 3722 magua
1354 3629 1525 3700 exclamat
1549 3649 1657 3699 voce:

685 3754 845 3850 deporta,
861 3749 981 3848 salsum
996 3749 1089 3834 diris,
1115 3747 1276 3822 mentiris.
1306 3745 1666 3845 continuoque‘ttens,

688 3879 736 3948 ita
749 3896 788 3947 os
802 3873 977 3946 mendacis
999 3873 1100 3962 hujus
1116 3872 1305 3956 obturavit,
1325 3883 1362 3942 ut
1379 3892 1421 3944 eo
1434 3872 1534 3965 plane
1547 3871 1668 3942 divino

687 3997 893 4072 conterritus
909 3998 1062 4081 oraculo,
1081 3995 1125 4066 ab
1151 3995 1310 4087 incoeptis
1336 3993 1522 4077 destiterit,
1539 4004 1574 4063 el
1591 4003 1667 4062 tan·

689 4141 790 4214 quam
824 4129 939 4190 mutus
970 4119 1014 4189 de
1047 4117 1193 4189 ambone
1219 4114 1450 4186 descenderit.
1492 4111 1669 4185 Terribilis

689 4242 770 4314 inde
790 4245 897 4314 lactus
922 4243 1036 4336 populi
1056 4253 1179 4313 motos.
1210 4241 1251 4310 Hi
1276 4250 1311 4309 et
1328 4240 1390 4325 itti,
1409 4238 1484 4333 quis
1502 4236 1671 4308 inclama-

685 4366 775 4436 verit
801 4366 984 4458 resligare,
1009 4366 1141 4452 rimari,
1169 4363 1375 4461 percontari.
1405 4361 1598 4457 Intrepidus
1630 4361 1666 4432 in
