4100 6009
796 1001 978 1065 -121-

400 1209 518 1282 mavit.
545 1209 630 1282 Hem
648 1207 725 1303 quis
747 1215 875 1282 tantum
896 1209 1024 1282 avertit
1040 1212 1210 1304 glorium?
1230 1225 1290 1289 unt
1309 1225 1378 1291 tem

399 1331 551 1406 nobilem
576 1329 749 1406 submovit
774 1351 938 1406 eoronam
964 1334 1184 1412 Smotnisoio?
1206 1335 1271 1408 An
1296 1339 1378 1433 quia

399 1453 580 1548 sanguinis
602 1453 765 1549 iosaphat
788 1475 867 1530 rens
893 1456 1016 1542 inerat,
1037 1456 1290 1557 sanguinispro
1308 1461 1379 1538 ide

400 1575 466 1648 insi
480 1575 593 1668 gloria
606 1574 764 1666 majestas
776 1584 908 1649 aeternn
920 1575 1031 1648 uoluit
1044 1599 1123 1654 eum
1135 1583 1320 1657 coronant
1332 1605 1377 1657 au

397 1697 479 1790 quia
500 1697 601 1774 toties
623 1697 779 1770 vocantis
800 1697 861 1772 Dei
886 1699 1031 1772 consilia
1054 1711 1247 1797 respuerat,
1265 1705 1379 1798 posuit

397 1843 475 1896 eum
494 1822 529 1896 in
548 1841 651 1894 mauu
666 1820 800 1894 consilii
822 1821 895 1908 sni,
915 1832 953 1894 ut
967 1822 1169 1900 humiliatus
1183 1825 1221 1898 in
1242 1825 1377 1902 tortitu-

397 1943 480 2022 dine
501 1943 614 2022 oannis
634 1964 709 2020 suae
732 1963 801 2019 non
817 1943 1052 2036 gloriaretur?
1071 1968 1115 2020 an
1138 1967 1223 2020 veno
1245 1949 1379 2024 seruari

397 2089 478 2142 enm
490 2067 661 2153 decrevit,
681 2078 718 2142 ut
733 2065 941 2162 quandoque
955 2067 1096 2145 tandem
1111 2068 1288 2165 opiniones
1304 2091 1379 2166 pes·

397 2193 475 2270 simi
491 2191 687 2269 schismatis
704 2190 888 2272 haereticas
907 2191 1126 2287 propalaret?
1151 2203 1187 2267 et
1207 2193 1309 2288 quasi
1324 2195 1379 2273 vii

397 2314 534 2408 fugiens
547 2335 609 2408 pro
629 2312 872 2390 confirmandis
892 2312 1039 2386 fratibus
1051 2315 1176 2386 iterum
1189 2321 1377 2410 pugnaret?

397 2438 496 2529 cujus
511 2437 626 2510 reivel
646 2436 721 2533 ipse
734 2435 815 2510 finis
829 2436 904 2529 eius
918 2435 1147 2512 clarissimum
1161 2437 1307 2523 daturus
1321 2451 1375 2515 est

396 2559 651 2638 documentum.
676 2561 766 2638 Saue
786 2569 860 2634 tum
878 2560 1030 2656 primum
1051 2558 1240 2637 demiratus
1257 2584 1374 2639 seoum

395 2683 626 2770 Smotnisoius,
650 2682 957 2762 archimandritam
978 2683 1157 2771 Mohiiam,
1175 2683 1263 2758 adeo
1281 2685 1318 2762 in
1335 2708 1374 2761 se

395 2806 675 2883 consurrexisset
694 2805 754 2900 qui
770 2805 973 2880 antehaodo
983 2806 1126 2880 salutari
1138 2805 1374 2904 negotiodpo

395 2926 487 3026 tonius
499 2939 534 3002 et
548 2939 704 3006 senuerat
719 2939 813 3004 recte
829 2939 864 3002 et
879 2930 1034 3017 dinemt3
1047 2931 1107 3025 qni
1124 2931 1256 3010 litteras
1268 2933 1372 3012 etiam

395 3051 439 3126 ad
456 3049 635 3147 cyrillum,
660 3063 822 3147 tanquam
838 3054 1012 3148 epitomen
1031 3051 1195 3148 Apotoqioe
1210 3051 1277 3126 sibi
1294 3063 1374 3136 ante

395 3183 614 3260 monstratas,
626 3173 894 3252 collaudaverat!
906 3174 1136 3269 quiarodeci
1150 3174 1373 3252 inoonventu

395 3294 648 3390 episcoporum,
668 3316 755 3390 opus
769 3295 844 3387 ejus
859 3295 1063 3370 catholicum
1077 3293 1122 3368 de
1134 3318 1199 3375 sex
1214 3296 1374 3372 differem

257 3443 259 3448 ·
395 3417 451 3492 tiis
463 3418 664 3494 Graecorum
676 3441 755 3492 cum
768 3417 896 3492 Latinis
907 3418 1042 3490 sincere
1054 3419 1235 3512 amplexus
1244 3419 1368 3492 iuerat!

395 3539 463 3614 Sed
476 3540 553 3618 haeo
566 3552 618 3614 est
629 3540 795 3614 mentium
811 3541 1040 3612 humanarum
1057 3538 1222 3612 damnosa
1239 3539 1374 3614 volubi-

395 3663 487 3762 litas,
512 3675 547 3738 ut
568 3686 650 3758 quae
670 3685 762 3736 nuno
783 3663 995 3758 probaverit,
1014 3662 1116 3740 brevi
1131 3662 1323 3759 improbet;
1338 3676 1374 3736 et

394 3787 529 3881 pinne,
544 3809 625 3881 quae
639 3787 889 3884 improbaverit
902 3789 908 3840 ¹
925 3786 1135 3872 Quinetiam
1150 3784 1235 3859 iliud
1247 3809 1373 3882 suspe-

395 3909 512 3995 xeris,
540 3908 725 3996 Mohilam,
755 3909 828 4000 jnm
857 3906 1080 3982 Kioviensem
1114 3907 1150 3980 in
1185 3906 1372 3982 schismate

396 4031 708 4126 metropolitanum,
740 4031 774 4105 in
803 4030 908 4104 rebus
936 4029 1017 4103 fidei
1047 4051 1122 4103 sum
1150 4029 1369 4118 titubantem,

396 4155 497 4228 toties
519 4176 540 4226 e
569 4154 662 4229 clero
686 4153 980 4242 osculavimus
1004 4176 1025 4227 e
1046 4151 1212 4248 regulari,
1230 4151 1372 4227 latinum

396 4275 610 4353 sacerdotem
635 4279 707 4350 suis
731 4276 818 4350 olam
842 4276 1116 4353 confessionibus
1140 4268 1367 4348 adhibuisse!
1433 4337 1443 4357 ,

396 4399 549 4492 Eamque
577 4399 613 4470 in
639 4409 796 4474 extrema
820 4399 903 4474 vitae
930 4399 1075 4495 periodo
1098 4395 1372 4474 consuetidinem
