4100 6009
967 948 969 952 ’
1087 971 1271 1039 -roo-

690 1180 860 1254 hileillud
889 1181 963 1255 divi
997 1181 1305 1273 alentionem,
1343 1196 1377 1258 et
1403 1189 1556 1282 protinus
1587 1212 1669 1262 cum

690 1303 813 1380 intimo
836 1306 947 1400 palam
976 1307 1184 1381 exclamavit
1213 1329 1352 1380 sensu:
1382 1307 1518 1380 Tamum
1545 1324 1672 1410 tumque

690 1423 838 1498 mirabile
854 1450 944 1522 opus,
960 1451 1025 1498 esse
1054 1427 1116 1498 Dei
1128 1425 1227 1500 soiius
1240 1453 1320 1527 opus
1330 1433 1341 1499 .‘
1369 1429 1437 1502 Neo
1450 1429 1593 1503 absimile
1607 1430 1672 1516 itti,

690 1545 774 1644 quod
789 1572 860 1618 oum
876 1545 948 1620 diuo
960 1545 1077 1622 hteuio
1093 1549 1259 1646 contipisse
1282 1549 1464 1624 uenerando
1490 1549 1675 1648 circumfert

690 1667 893 1767 antiquitas!
922 1669 1199 1761 Quemadmodum
1242 1671 1329 1744 mim
1368 1672 1534 1760 ohortum,
1573 1672 1612 1745 de
1629 1698 1674 1747 se

690 1792 921 1888 complicatam,
951 1791 1134 1866 demortuus
1164 1793 1220 1865 ilie
1250 1808 1369 1882 temus,
1400 1797 1523 1869 aurini
1549 1811 1673 1895 prater

690 1929 787 2014 quum
818 1918 959 1990 Bouiano
988 1915 1168 1989 tradiderat
1189 1919 1336 2017 pontifici
1364 1946 1375 1989 :
1400 1919 1450 1992 ita
1479 1920 1587 1993 uirum
1613 1922 1675 1995 Dii

691 2038 864 2128 Meletium,
895 2040 978 2114 nulli
1002 2040 1072 2126 alii,
1102 2040 1168 2112 nisi
1193 2040 1269 2129 sihi,
1294 2042 1436 2138 supremi
1461 2045 1609 2140 pastoris
1636 2045 1673 2116 ia

693 2157 814 2232 Russia
838 2161 976 2248 vicario,
1004 2185 1059 2234 eas
1086 2160 1269 2234 muressisse
1296 2159 1447 2234 litteras!
1471 2166 1563 2252 Quas
1593 2188 1673 2240 uum

692 2287 851 2361 omnihus
867 2310 984 2361 coram
1010 2288 1236 2384 praelegisset,
1270 2310 1477 2384 sensumque
1505 2289 1673 2372 hreuihus

690 2409 900 2506 aperuisset,
923 2413 1050 2482 iterum
1074 2411 1197 2481 manui
1225 2410 1302 2501 ejus
1331 2410 1486 2483 inseruit.
1522 2413 1566 2483 Et
1597 2412 1670 2498 iila,

692 2534 868 2607 miraculis
880 2555 1089 2606 coacervans
1105 2533 1285 2620 miracula,
1301 2542 1339 2605 ut
1358 2533 1535 2629 impendio
1547 2543 1673 2629 stupe-

692 2669 769 2730 rent
792 2657 942 2730 universi
961 2677 1001 2728 uc
1017 2655 1188 2748 magnalia
1207 2656 1269 2727 Dei
1285 2654 1467 2750 magnifice
1484 2658 1675 2751 loqueren-

693 2788 761 2864 tur,
781 2777 907 2850 iterum
922 2779 1126 2873 compressit
1142 2777 1338 2864 fortissime,
1358 2799 1422 2850 nec
1450 2778 1495 2850 ah
1518 2779 1586 2851 uilo
1603 2778 1670 2851 sihi

693 2921 751 2980 eas
766 2902 903 2974 extrahi
921 2923 1021 2996 pessa
1037 2906 1109 2974 est!
1129 2901 1354 2974 Confluebant
1367 2922 1410 2974 eo
1426 2903 1462 2973 in
1475 2901 1550 2973 dies
1562 2901 1673 2975 homi-

694 3045 756 3094 nes
779 3034 815 3095 et
836 3028 927 3096 statu
951 3031 985 3094 et
1011 3023 1179 3117 religione
1205 3023 1304 3110 varii,
1337 3045 1379 3094 ac
1403 3023 1674 3117 omnipotentem

693 3169 835 3218 manum
852 3147 888 3218 in
900 3169 1004 3220 manu
1020 3146 1150 3219 Meletii
1167 3145 1441 3217 demirahantur.

742 3272 853 3343 Fuere
872 3291 954 3344 saue
971 3294 991 3343 e
1008 3270 1233 3344 schismaticis
1245 3269 1413 3355 nonnulli,
1432 3271 1492 3364 qui
1505 3270 1561 3342 vel
1577 3290 1673 3343 assu-

694 3405 746 3466 tas
759 3395 816 3467 vel
833 3394 1065 3488 agglutinatus
1079 3395 1154 3466 illas
1176 3405 1368 3466 censerent.
1396 3394 1465 3467 Sed
1490 3403 1673 3490 postquam

693 3541 763 3593 non
796 3519 906 3591 oculis
933 3519 1056 3605 solum,
1087 3517 1148 3590 sed
1178 3516 1339 3590 manibus
1370 3540 1507 3614 quoque
1529 3519 1674 3592 oculatis

692 3641 938 3737 palpavissent,
954 3641 1059 3732 etium
1071 3641 1209 3735 quaesiti
1223 3639 1308 3734 quid
1324 3642 1505 3727 sentirent,
1523 3639 1674 3734 piscihus

694 3765 803 3861 magis
830 3765 917 3838 muti
945 3764 1145 3838 haerehunt!
1166 3765 1208 3836 Et
1223 3764 1315 3858 quod
1345 3764 1553 3852 renuebant,
1572 3765 1673 3836 fateri

692 3889 906 3982 cogebantur
928 3911 936 3954 :
961 3909 1038 3960 esse
1058 3908 1254 3982 supremam
1276 3897 1311 3957 et
1333 3908 1354 3957 a
1377 3887 1465 3960 caelo
1491 3887 1608 3959 datam
1637 3888 1672 3958 in

694 4010 856 4082 Romanis
880 4008 1101 4106 pontificibus
1123 4030 1228 4105 super
1245 4009 1407 4082 universo
1423 4009 1547 4081 Christi
1562 4031 1672 4103 grege

694 4132 951 4219 auctoritatem
967 4152 1071 4226 quam
1086 4131 1135 4202 illi
1152 4130 1223 4202 vivi
1241 4141 1309 4202 tam
1324 4131 1517 4226 procaciter
1534 4129 1672 4204 inficia—

694 4264 825 4338 rentur,
858 4253 983 4324 mortui
1014 4265 1083 4324 tum
1114 4251 1263 4346 gloriose
1296 4251 1566 4347 profiterentur!
1600 4254 1672 4323 Nec

693 4401 773 4452 casu
786 4377 959 4474 quopiam,
979 4380 1040 4451 sed
1062 4378 1240 4451 manifesta
1265 4376 1382 4450 divina
1398 4376 1668 4472 dispensatione,
