4100 6009
1115 959 1297 1023 -nlo-

741 1197 757 1237 α
775 1167 1093 1253 sentibuslacimus‚
1105 1164 1351 1240 commendari.
1366 1163 1472 1260 ldqne
1483 1172 1617 1240 eertum
1625 1164 1709 1238 red-

736 1319 755 1355 «
772 1291 871 1378 dere,
887 1289 973 1362 nihil
986 1312 1033 1364 ex
1046 1289 1122 1362 istis
1135 1285 1288 1385 partibus
1304 1285 1483 1359 Sanctitati
1499 1286 1580 1359 Suae
1594 1287 1710 1382 signi-

737 1441 754 1482 u
770 1413 866 1486 ficari
883 1413 1035 1510 potuisse
1058 1411 1322 1506 potiusquam
1344 1409 1607 1484 conversionem
1633 1411 1710 1483 lle-

739 1536 857 1610 uletii.
876 1535 1057 1629 Reliquum
1074 1544 1140 1621 est,
1159 1543 1197 1607 ut
1209 1531 1298 1606 sicut
1310 1531 1540 1605 illustrissima
1553 1531 1708 1602 Domina-

739 1659 817 1731 otio
849 1667 906 1730 tua
930 1657 1060 1730 bonum
1084 1677 1172 1752 opus
1187 1654 1343 1751 inooepit,
1362 1652 1450 1725 illud
1475 1652 1557 1726 totis
1573 1651 1709 1726 viribus

737 1808 756 1844 «
776 1788 1004 1875 prosequatur
1016 1776 1235 1871 aeperliciat.
1256 1777 1299 1848 Et
1312 1785 1350 1848 ut
1365 1774 1618 1870 quamprimum
1630 1775 1709 1847 lle-

741 1902 874 1975 «letius
893 1900 938 1975 nd
960 1913 1116 1998 apertam
1144 1899 1227 1972 lidei
1251 1889 1431 1972 catholieae
1458 1887 1708 1972 confessionem

739 2051 755 2090 «
772 2024 938 2120 prosiliat,
956 2045 1059 2097 omne
1074 2019 1225 2098 studium
1242 2043 1284 2095 ao
1296 2020 1513 2117 diligentiam
1528 2018 1706 2094 adhibeat.

736 2174 755 2213 «
775 2149 861 2220 Nam
873 2147 918 2220 ab
942 2170 983 2221 ea
1001 2150 1186 2220 multorum
1208 2145 1353 2218 salntem
1370 2142 1538 2238 pendere,
1554 2146 1709 2219 certissi-

737 2297 757 2335 «
773 2293 867 2342 mum
884 2281 948 2344 est.
960 2271 1002 2342 Et
1014 2292 1093 2342 oum
1108 2268 1164 2341 his
1180 2267 1322 2341 meliora
1335 2265 1381 2338 de
1395 2265 1534 2339 Meletio
1551 2288 1707 2362 exspec-

740 2402 898 2476 «unns,
930 2393 970 2464 l).
1000 2392 1037 2462 T.
1065 2390 1302 2464 illustrusimae
1328 2398 1455 2462 ounota
1485 2409 1708 2485 prosperan

737 2543 756 2581 (ι
775 2515 909 2589 Christo
921 2515 1066 2588 Domino
1078 2535 1306 2610 precamur.»
1328 2516 1460 2598 llomae,
1480 2510 1575 2583 die6
1591 2513 1709 2607 aprilis

735 2660 825 2712 anno
839 2641 946 2716 ⁴628.

776 2762 859 2856 lpse
884 2783 969 2834 vero
998 2782 1152 2834 summus
1179 2759 1275 2834 orbis
1302 2758 1480 2834 christiani
1509 2770 1639 2857 pastor,
1672 2761 1709 2832 in

733 2883 835 2957 Brevi
852 2882 1015 2978 quodam,
1030 2882 1124 2979 quod
1147 2905 1239 2955 nono
1261 2882 1306 2955 ad
1326 2905 1448 2955 manns
1464 2883 1574 2969 deest,
1597 2882 1710 2956 sedin

732 3007 899 3080 poncione
922 3026 982 3078 sua
1010 3005 1198 3077 Kortisoius
1222 3016 1430 3078 memoratus
1454 3006 1550 3091 citat,
1584 3005 1712 3078 talibus

734 3152 815 3203 eum
846 3129 1051 3224 compellat:
1077 3125 1265 3198 Doctrioom
1276 3126 1507 3200 Froteroitutis
1532 3141 1593 3199 tuoe
1615 3142 1712 3199 osteo

738 3251 862 3324 tortilis
874 3250 1043 3348 impietus·
1053 3263 1205 3347 tanquam
1209 3251 1384 3348 proprium
1398 3249 1529 3346 solmon,
1543 3251 1712 3324 ostentauit

732 3392 792 3451 etc.
809 3379 851 3450 Et
868 3375 969 3471 paulo
987 3384 1065 3470 post
1079 3398 1087 3441 :
1107 3371 1293 3472 Siuqulors's
1311 3387 1367 3446 tuo
1374 3373 1483 3471 pietus
1497 3399 1563 3446 osse
1576 3400 1660 3446 nuno
1676 3375 1713 3445 in

735 3494 1197 3596 sempteotrioneproediootur‚
1211 3487 1363 3594 tuaquom
1379 3494 1526 3569 oolumnu
1539 3496 1599 3568 itta
1613 3496 1711 3595 ipsis,
1751 3510 1755 3516 '

735 3624 808 3697 duur
820 3621 1060 3721 perepriouutis
1077 3620 1201 3716 populi,
1221 3646 1291 3721 puoe
1306 3646 1368 3692 noa
1380 3620 1482 3693 solum
1498 3634 1714 3718 oppupootum

735 3749 921 3846 relipiouem
946 3745 1062 3845 fuldu
1077 3743 1133 3816 sed
1144 3745 1337 3817 etionruelut
1353 3745 1548 3844 paulurum
1571 3743 1715 3817 ardentis

736 3871 801 3944 zeli
814 3870 1005 3970 coemptum,
1030 3867 1152 3941 conus
1161 3867 1312 3966 proluunt
1330 3868 1564 3971 ambulantibus
1577 3895 1639 3967 per
1653 3867 1716 3940 de-

735 4010 820 4067 serta
832 3993 905 4078 istu,
918 3991 1019 4065 variis
1033 3990 1189 4063 durarum
1200 3990 1351 4064 monstris
1365 3992 1499 4065 maesse.

786 4115 1117 4190 HisoeSmotrisoius
1130 4115 1304 4211 perceptis
1317 4126 1352 4187 et
1367 4115 1478 4202 lectis,
1490 4113 1619 4186 eximie
1629 4136 1716 4187 oon-

738 4243 878 4328 solatus‚
894 4239 1067 4312 'affluente
1096 4238 1219 4334 synodi
1236 4239 1398 4326 termino,
1420 4237 1577 4311 llioviam
1597 4237 1711 4332 petiit,

737 4373 831 4437 ratus
865 4385 906 4435 eo
935 4360 1179 4435 celebrandam
1210 4361 1291 4449 line,
1316 4383 1384 4456 quo
1411 4359 1558 4466 duodeci
1585 4356 1715 4434 stat-uta
