4100 6009
1090 896 1273 961 -stt-

681 1119 749 1167 mea
764 1113 904 1168 anmactn
919 1102 986 1166 vitm
996 1105 1136 1169 rationem
1151 1103 1206 1181 illi,
1216 1105 1263 1168 cui
1272 1106 1355 1188 juxta
1366 1107 1517 1173 catholica
1531 1109 1660 1174 ecclesia

680 1209 849 1294 praescripta
859 1219 888 1272 et
898 1226 1024 1272 normam
1036 1208 1132 1286 debui,
1146 1209 1264 1274 exhibui
1274 1233 1282 1287 ;
1294 1221 1325 1275 et
1336 1212 1517 1299 publicorum
1534 1215 1659 1278 omnium

681 1325 894 1397 conceptorum,
917 1333 1127 1398 expressorum,
1152 1315 1306 1394 dictorum,
1330 1329 1460 1381 actorum
1475 1319 1659 1383 attentorum

680 1420 710 1482 in
721 1440 810 1485 causa
822 1433 936 1487 sancta
947 1423 1072 1503 unionis,
1085 1424 1162 1486 omni
1174 1435 1291 1500 conatu,
1305 1423 1378 1488 veiis
1396 1426 1439 1509 [ut
1457 1426 1548 1509 ajunt)
1563 1427 1663 1490 remis

680 1551 736 1614 que
750 1542 851 1594 contra
862 1549 923 1594 eam
939 1530 1024 1612 maie,
1038 1551 1183 1614 peruerse,
1200 1531 1381 1613 scandaloso,
1402 1535 1499 1619 impio,
1518 1534 1661 1619 hiasphe-

682 1657 737 1712 mc,
753 1638 895 1722 sacrilege
913 1639 1018 1716 eundo,
1039 1638 1253 1701 commissorum
1274 1652 1459 1722 peccatorum
1479 1661 1616 1722 meorum,
1634 1654 1663 1706 ct

681 1746 1662 1833 istiusimpetns,cuinonvitaeamorenecmortistimore,sedmejoris

679 1854 708 1916 in
722 1854 873 1918 animabus
883 1853 1074 1918 schismaticis
1087 1852 1218 1918 ecciesiae
1225 1852 1279 1918 Dei
1291 1854 1476 1938 acquirendis
1489 1855 1622 1940 lucrispe
1632 1869 1662 1922 et

680 1958 823 2023 desiderio
837 1959 876 2023 ad
890 1970 1003 2044 tempus
1015 1957 1088 2020 cessi
1100 1976 1106 2016 z
1116 1957 1250 2038 abjurato
1262 1957 1427 2039 schismate,
1445 1962 1588 2026 damnatis
1600 1962 1662 2026 ha·

682 2063 804 2144 resihus,
820 2063 966 2150 publicam
982 2064 1011 2128 in
1026 2082 1125 2126 aurem
1139 2062 1229 2128 totius
1248 2061 1356 2128 Christi
1373 2065 1514 2145 ecclesia,
1532 2087 1597 2152 quar
1619 2067 1662 2131 itti

680 2169 708 2231 in
731 2168 785 2232 hoc
802 2169 1025 2255 populosissimo
1041 2168 1168 2233 Polouiae
1187 2189 1277 2254 regno
1292 2182 1347 2252 est,
1362 2171 1579 2254 contessionem,
1594 2173 1662 2236 fidoi

679 2276 849 2342 orthodoxa
859 2278 1077 2362 professionem,
1091 2289 1121 2342 et
1129 2277 1243 2363 corpori
1250 2275 1370 2355 Christi,
1383 2277 1461 2362 quod
1474 2290 1519 2342 cst
1530 2278 1661 2343 ecclesia

679 2384 752 2466 ejus,
764 2387 1024 2470 incorporationem
1036 2385 1172 2465 fideliter,
1190 2385 1286 2470 pleno,
1302 2386 1400 2450 intime
1415 2387 1524 2472 peregi,
1538 2387 1657 2473 perieci,

678 2493 883 2557 consummavi.
895 2491 932 2558 Et
944 2491 1121 2575 blasphemis
1136 2491 1383 2556 schismaticorum
1404 2492 1433 2555 in
1455 2511 1545 2556 meam
1557 2493 1660 2557 ortho-

678 2601 784 2664 doxam
805 2599 972 2683 Apolopicnr
999 2599 1086 2664 editis
1109 2600 1223 2663 noviter
1246 2597 1360 2663 duohus
1376 2599 1493 2682 scriptis
1518 2621 1581 2665 mea
1601 2602 1659 2666 duo

677 2703 821 2770 catholica
834 2706 944 2791 scripta
958 2705 1082 2792 opposui
1096 2705 1147 2789 (liz
1165 2717 1195 2769 et
1209 2705 1385 2789 dogmatum,
1400 2706 1429 2768 in
1444 2706 1551 2789 quihus
1565 2706 1661 2770 orien-

677 2811 746 2876 talis
762 2813 886 2876 ecclesia
901 2812 938 2876 ah
959 2811 1136 2876 occidentali
1154 2811 1269 2875 differre
1291 2812 1356 2876 visa
1368 2824 1423 2892 est,
1440 2817 1520 2898 pium
1545 2833 1662 2879 sensnm

678 2920 799 3004 exposui
812 2919 864 3003 (2).
881 2917 974 2999 Nunc,
995 2919 1075 3004 quod
1085 2919 1185 2983 deesse
1200 2919 1271 2982 mihi
1286 2919 1377 2984 visum
1389 2931 1434 2983 est
1446 2920 1492 3002 (ne
1506 2918 1593 2984 etiam
1604 2921 1660 2984 hac

566 3116 568 3124 Α
678 3031 705 3092 iu
722 3041 804 3113 parte
815 3028 861 3092 vel
871 3028 939 3092 mihi
957 3028 1021 3112 ipsi,
1035 3027 1083 3093 vel
1098 3029 1176 3112 genti
1189 3047 1269 3107 mea,
1284 3027 1432 3105 iratribus,
1445 3027 1573 3111 inquam,
1590 3029 1660 3091 meis

678 3135 789 3218 desim),
805 3137 940 3220 perhanc
958 3157 1050 3202 meam
1065 3137 1234 3203 sanctitatis
1246 3135 1316 3201 Tua
1328 3137 1460 3202 manibus
1472 3158 1529 3201 non
1543 3138 1660 3222 dignam

678 3242 829 3326 epistolam
844 3244 973 3308 studiose
990 3243 1145 3329 adimpleo.

716 3347 755 3415 Et
769 3350 899 3434 inprimis
917 3349 1046 3414 audacia
1064 3371 1144 3429 mea,
1161 3352 1186 3413 si
1205 3369 1260 3414 non
1277 3350 1316 3415 sit
1333 3351 1489 3426 temeritas,
1506 3349 1585 3433 quod
1598 3358 1660 3411 tan-

676 3467 736 3519 tum
748 3458 775 3520 in
786 3457 972 3540 suggestione
987 3457 1027 3519 rei
1041 3457 1138 3521 ardua
1149 3457 1227 3540 apud
1241 3455 1333 3520 Tuam
1344 3455 1534 3521 Sanctitatom
1544 3474 1658 3538 prasu-

677 3583 762 3643 mam,
775 3564 887 3630 veniam
902 3583 986 3648 quam
1009 3563 1165 3627 humillime
1181 3583 1296 3652 exoro:
1317 3565 1397 3647 quod
1411 3563 1487 3626 enim
1512 3572 1557 3626 est
1570 3583 1659 3647 supra

676 3690 730 3746 me,
742 3669 922 3754 nilspectara
939 3671 1059 3735 deberet
1070 3670 1107 3734 ad
1116 3691 1169 3734 me.
1181 3670 1291 3736 Deinde
1300 3671 1414 3736 debitas
1425 3669 1494 3734 Tua
1502 3669 1657 3735 Sanctitati

676 3777 786 3860 gratias
807 3797 873 3862 ago,
900 3778 980 3861 quod
995 3797 1039 3840 me
1054 3775 1138 3840 Brevi
1162 3776 1224 3839 Tuo
1247 3794 1355 3838 summe
1378 3775 1444 3836 mihi
1480 3776 1654 3855 venarando,

675 3897 778 3970 praeter
801 3887 1031 3970 expectationem
1043 3904 1144 3960 meam,
1168 3883 1367 3958 cohonestare,
1386 3894 1415 3944 et
1431 3882 1459 3943 in
1473 3883 1658 3945 eohnnedic-

675 3990 781 4056 tionem
793 3989 884 4054 Tuam
897 3992 964 4053 mihi
980 3990 1117 4074 impertiri
1134 3991 1174 4053 sis
1189 3990 1333 4070 dignatus.
1352 3983 1438 4064 Quod
1450 3987 1503 4052 etsi
1516 3987 1585 4050 Tun
1596 3987 1654 4048 irn-

708 4220 744 4282 (i)
756 4219 819 4272 Puto
832 4221 981 4269 Pormnerim
992 4229 1018 4270 ot
1029 4219 1179 4269 Ecetlrcrim.

708 4323 745 4390 (2)
756 4325 782 4375 in
795 4323 914 4392 opusculo
929 4323 1138 4373 Conridorotioner
1148 4319 1224 4372 dicto.
