4100 6009
818 842 982 909 ,87-

408 1064 621 1133 sobornarat),
655 1050 720 1121 sior
756 1076 818 1122 non
848 1053 1046 1150 respicientis
1073 1080 1235 1154 personas,
1266 1060 1388 1157 judicis

409 1171 821 1271 commoneamque
834 1175 992 1247 rationem
1005 1178 1100 1250 istius
1113 1182 1274 1255 ulreddos
1287 1198 1388 1257 leme-

407 1296 531 1382 ritulis,
541 1294 712 1395 obstringo.
730 1297 937 1371 Perterritus
950 1299 1007 1371 ille
1019 1310 1056 1372 et
1067 1307 1267 1400 exsanguis,
1279 1330 1385 1382 exon·-

406 1434 481 1493 tere
513 1419 769 1506 oscitationem,
804 1419 1011 1495 domesticos
1047 1426 1178 1514 accire,
1213 1429 1385 1502 tertiatam

404 1562 583 1640 exponere
598 1541 780 1628 visionem,
802 1565 889 1638 opus
910 1567 1010 1617 suum
1026 1550 1199 1637 execrari,
1219 1552 1385 1645 colligere

406 1666 547 1760 scripta,
563 1684 685 1759 rogum
699 1675 892 1753 exstruere,
908 1667 1049 1762 ignique
1062 1673 1295 1766 spectantibus
1307 1696 1327 1747 c
1340 1676 1387 1748 la-

406 1788 501 1859 milia
517 1788 688 1861 universis
706 1789 898 1876 immolare,
916 1812 960 1861 ne
982 1792 1122 1864 aeternis
1141 1804 1217 1889 post
1238 1796 1309 1869 fata
1329 1817 1386 1871 ae·-

405 1920 535 1983 stuaret
558 1910 715 1983 flammis.
732 1912 851 2007 quue
867 1913 1058 2002 inductum,
1072 1915 1131 1987 ait
1152 1918 1384 2009 Smolriscius,

406 2032 499 2104 idem
515 2031 560 2105 de
580 2032 718 2105 llleletio
735 2035 864 2107 sentire
883 2056 921 2107 se
938 2037 1152 2130 patriarcha:
1169 2059 1249 2110 eum
1263 2042 1385 2115 videli-

404 2165 472 2241 cet,
484 2175 565 2226 suos
571 2165 719 2249 quatuor
732 2153 776 2227 de
788 2153 1008 2250 dogmatibus
1021 2156 1103 2229 fidei
1118 2158 1224 2231 libros
1237 2164 1386 2235 vulcano

404 2275 518 2364 litare,
538 2277 660 2349 eadem
678 2298 724 2349 ex
742 2299 846 2350 causa
859 2278 1015 2369 jussisse.

453 2400 520 2487 Qui
533 2402 657 2495 qualis,
676 2409 894 2496 quantusque
911 2402 1013 2473 luerit
1027 2404 1191 2478 llomauae
1204 2404 1311 2477 hostis
1327 2425 1383 2478 ee-

405 2523 534 2611 clesiae,
546 2545 593 2597 ex
601 2526 773 2619 epistolio,
786 2522 832 2595 ad
839 2524 1023 2620 Hypatium
1031 2525 1168 2621 Poeiey,
1183 2527 1384 2623 episcopum

403 2647 597 2720 liutbenum
625 2643 922 2720 Vladimiriensem
952 2658 987 2719 et
1015 2649 1320 2742 metropolitanum
1348 2652 1383 2724 iu

406 2769 531 2842 unione
550 2771 782 2857 Kioviensem,
807 2792 898 2842 anno
920 2772 1028 2842 creati
1057 2770 1179 2853 mundi
1196 2770 1291 2846 7l08
1314 2776 1384 2869 lsa-

404 2890 486 2963 lulis
501 2893 620 2987 l600),
635 2892 793 2989 Byzantii
806 2892 900 2979 dato,
917 2892 1050 2987 liquido
1062 2904 1232 2966 constare.
1253 2897 1385 2968 Placuit

403 3011 567 3085 videlicet
580 3015 684 3085 etiam
696 3012 835 3085 Meletio
847 3012 1018 3085 malefidis
1030 3014 1145 3109 potius
1160 3013 1274 3107 ignem
1288 3036 1384 3110 prae-

403 3148 538 3209 sentem
553 3138 679 3210 aluisse
695 3136 805 3222 libris,
825 3157 929 3230 quam
945 3138 1195 3233 sempiternum
1215 3139 1385 3221 animost

404 3279 548 3353 corpore
567 3260 661 3331 alere
682 3280 755 3331 suo.
779 3258 850 3329 Nec
870 3259 995 3330 leviten
1015 3257 1181 3331 arrodere
1194 3278 1379 3345 corsuum,

403 3381 663 3477 depurationem
685 3382 905 3455 eonscientiae
926 3404 1044 3455 coram
1068 3383 1175 3454 latino
1202 3381 1386 3454 sacerdote

402 3480 644 3579 amoribuudo
655 3507 781 3577 factam
796 3503 1098 3599 Philadelpbieusi‚
1119 3505 1213 3598 quod
1229 3526 1249 3575 e
1265 3504 1384 3597 gravi-‘-

403 3626 470 3699 bue
484 3629 731 3726 Hierosolymis
746 3639 782 3701 et
799 3626 1093 3724 Constantinopoli
1106 3627 1260 3700 audisset
1276 3627 1379 3713 viris;

404 3772 597 3847 corpusque
617 3752 705 3843 ejus,
727 3763 764 3824 ul·
785 3752 988 3824 honorabile
1008 3772 1210 3846 permanere
1230 3756 1379 3843 λειψανον.

404 3873 450 3947 dt
469 3896 490 3945 a
511 3874 679 3947 llutbeuis
700 3874 871 3961 disunitis,
896 3894 1086 3970 numquam
1107 3873 1152 3946 ad
1175 3874 1242 3945 talc
1257 3894 1383 3945 munus

403 3999 525 4071 latinos
542 3997 701 4071 adbiberi
722 3996 946 4070 sacerdotes:
965 4017 1052 4091 quos
1063 4006 1267 4090 potestatem
1279 3998 1385 4071 etiam

404 4121 559 4195 solvendi
582 4119 784 4215 ligandique
800 4120 931 4193 habere
951 4130 1156 4217 pernegant.
1176 4120 1284 4207 Quam
1306 4142 1389 4213 gra·

405 4245 505 4318 vibus
530 4244 680 4341 denique
707 4243 861 4315 tenebris
890 4245 1005 4316 lumen
1029 4242 1114 4315 illud
1139 4244 1287 4339 sepulcri
1312 4245 1387 4317 Do-
