4100 6009
1057 906 1218 971 -η-

644 1117 730 1189 nihil
745 1116 810 1189 nisi
824 1100 1027 1189 haereticum
1046 1117 1181 1201 teueri3
1210 1116 1293 1189 nihil
1312 1118 1452 1214 insuper
1470 1120 1535 1193 nisi
1550 1120 1629 1193 hre-

646 1240 790 1313 reticum
803 1251 839 1311 et
857 1238 966 1311 credi.
987 1238 1097 1334 Caput
1112 1240 1265 1311 universi
1284 1240 1496 1336 praeeipuum
1513 1242 1548 1314 in
1560 1243 1629 1314 ho-

644 1363 738 1435 mine
765 1361 969 1456 designant,
1005 1384 1026 1434 a
1064 1384 1134 1457 quo
1164 1363 1334 1437 derivatio
1368 1363 1405 1436 fit
1435 1368 1471 1437 in
1499 1374 1629 1437 caetera

646 1486 815 1559 membra.
836 1486 975 1574 Quaeso,
1002 1485 1197 1559 insaniente
1213 1487 1341 1581 capite,
1369 1487 1538 1581 numquid
1554 1488 1630 1559 iun·

645 1611 776 1682 ctiones
792 1628 871 1682 suas
886 1608 977 1681 bene
995 1608 1062 1679 alia
1083 1619 1305 1703 exequuntur
1322 1608 1478 1683 membra
1491 1616 1508 1681 ?
1521 1632 1629 1683 num-

646 1734 731 1828 quid
749 1733 786 1806 id
811 1731 900 1806 tollit
921 1754 1058 1819 manus,
1078 1728 1184 1827 quod
1201 1732 1394 1805 tollendum
1412 1744 1477 1820 est,
1495 1744 1532 1807 ut
1547 1756 1630 1805 cor-

648 1854 855 1950 respondeat
877 1855 1012 1949 patiens
1033 1852 1188 1947 pondere
1208 1876 1271 1927 suo
1287 1854 1488 1941 levandum,
1514 1856 1630 1949 agenti

649 1980 779 2056 manui.
808 1979 962 2052 levanti?
990 2000 1104 2052 nonne
1131 1979 1243 2073 potius
1269 1977 1440 2074 quidquid
1468 2000 1507 2051 se
1522 1979 1632 2051 ocutis

647 2100 778 2193 objicit,
809 2103 930 2176 toliere
953 2106 1122 2177 conatur?
1134 2103 1301 2197 numquid
1320 2125 1381 2197 pes
1395 2102 1479 2175 iliuc
1494 2101 1628 2196 dirigit,

648 2244 718 2320 quo
729 2224 932 2319 dirigendus
946 2238 1013 2312 est,
1039 2231 1228 2317 gressum?
1245 2226 1414 2320 numquid
1435 2226 1552 2319 lingua
1567 2223 1631 2297 rite

648 2368 749 2419 suum
782 2348 915 2443 peragit
942 2348 1117 2421 officium?
1143 2368 1188 2419 an
1211 2370 1298 2420 vero
1326 2348 1441 2443 potius
1467 2370 1564 2421 caeco
1595 2348 1631 2418 in

649 2492 902 2566 quemcumque
928 2471 1071 2544 obvium
1095 2482 1286 2543 scommata
1312 2470 1484 2565 ejiciendo
1500 2472 1632 2568 impetu

650 2590 915 2666 debacchatur?
931 2592 1113 2685 Languido
1141 2592 1245 2687 igitur
1261 2594 1387 2689 capite,
1408 2603 1537 2667 caetera
1552 2595 1633 2665 lan-

649 2730 759 2811 guent
770 2716 928 2789 membra
945 2717 1024 2812 (qua
1036 2738 1141 2813 super
1156 2740 1207 2806 ro,
1227 2717 1287 2790 iiia
1302 2740 1441 2813 qnoque
1455 2720 1633 2793 membru·

653 2860 729 2911 rum
743 2838 836 2934 apud
860 2838 994 2912 Livium
1026 2840 1280 2933 conspiratione
1312 2840 1505 2937 docemur),
1534 2842 1634 2915 insa-

654 2961 770 3035 niente
798 2963 985 3035 insaniunt.
1024 2965 1101 3049 Quo
1131 2977 1231 3059 pacto
1270 2966 1397 3060 igitur,
1433 2966 1479 3039 ab
1510 2966 1636 3039 infecto

654 3087 782 3159 haeresi
811 3088 937 3182 capite,
955 3087 1121 3159 haeretica
1154 3088 1189 3159 iu
1220 3100 1348 3161 caetera
1379 3090 1534 3163 membra
1564 3111 1633 3162 non

652 3210 856 3283 derivantur
877 3210 1064 3303 dogmata?
1084 3212 1160 3296 Quo
1185 3223 1286 3306 pacto
1302 3210 1348 3283 de
1373 3213 1548 3285 virulenta
1573 3213 1634 3285 bi-

653 3334 775 3407 bentes
800 3333 1024 3428 scaturigine,
1053 3334 1228 3406 salubrem
1254 3355 1377 3428 aquam
1399 3334 1541 3407 haurire
1563 3356 1638 3430 pos

640 3462 760 3531 ¹sunt?
775 3456 938 3531 Probauit
949 3481 1028 3532 eam
1057 3459 1092 3530 in
1116 3480 1154 3530 se
1171 3469 1303 3553 pestem
1321 3460 1442 3531 Vestra
1457 3460 1637 3533 Reueren-

654 3581 796 3654 dissima
825 3582 1032 3669 Paternum,
1057 3592 1095 3653 ut
1111 3603 1152 3653 ea
1168 3580 1212 3653 dc
1231 3602 1270 3653 re
1287 3604 1424 3655 mecum
1441 3582 1553 3678 primo
1566 3584 1637 3676 egit

655 3728 866 3799 congressu,
902 3728 983 3780 cum
1016 3705 1082 3801 ipsi
1119 3703 1247 3776 librum
1284 3706 1415 3779 editum
1450 3707 1638 3777 munuum

656 3830 961 3917 memoravissem;
988 3851 1027 3901 se
1059 3827 1224 3902 videlicet
1252 3838 1324 3901 tum
1356 3829 1444 3902 iilud
1471 3831 1634 3915 edidisse,

655 3976 734 4026 cum
763 3953 886 4048 spiritu
919 3955 1069 4025 serretur
1099 3952 1280 4038 haeretico,
1311 3974 1416 4045 quem
1447 3975 1569 4025 recens
1592 3976 1639 4025 ex

656 4077 807 4171 ipsorum
848 4075 1018 4147 hausisset
1063 4072 1258 4167 disciplina.
1305 4073 1381 4158 Quo
1421 4074 1638 4170 postmodum

655 4202 787 4296 agnito,
805 4200 876 4293 ipsa
897 4200 964 4271 sibi
989 4194 1178 4270 Paternitas
1193 4198 1313 4269 Vestra
1327 4197 1502 4291 impendio
1515 4198 1640 4293 dispu-

658 4325 740 4395 cuit.
