4100 6009
821 912 983 975 41-

409 1124 441 1197 si
457 1123 582 1197 divino
607 1120 744 1211 adjutus
764 1140 879 1207 mann,
906 1120 972 1193 hoc
999 1118 1332 1194 desideratissimum
1358 1123 1395 1194 in

410 1248 532 1321 Russiu
553 1244 748 1318 efformaret
773 1266 902 1328 unum;
928 1264 998 1315 nou
1026 1243 1129 1316 modo
1150 1254 1254 1317 tutet
1280 1255 1395 1318 tantas

409 1370 603 1440 animarum
625 1364 789 1436 miriades
812 1366 911 1451 caelo,
936 1375 974 1437 ut
998 1366 1186 1458 gloriosum
1212 1366 1391 1453 uictorem,

408 1506 448 1566 ut
476 1492 743 1585 triumphantem
774 1498 949 1585 pastorem
980 1490 1235 1579 adducturum,
1270 1513 1395 1564 verum

409 1598 514 1688 etiem
546 1614 725 1689 universes
751 1613 843 1683 mola
871 1612 1005 1685 Russiae
1037 1611 1267 1702 sublaturum,
1304 1615 1396 1687 bona

411 1739 513 1833 longe
528 1737 665 1832 copiosa
677 1746 960 1831 propagaturum.
980 1737 1083 1809 Hisce
1100 1758 1163 1833 pro
1176 1738 1316 1809 modulo
1331 1760 1396 1809 ex·

410 1860 540 1955 positis,
568 1858 719 1954 seipsum
744 1857 898 1942 tandem,
925 1858 1164 1954 submissaque
1186 1858 1298 1931 officia
1315 1882 1392 1947 sua,

412 2002 491 2053 cum
517 1980 638 2053 humili
666 1980 793 2076 pedum
818 1980 895 2072 ejus
923 1982 1055 2067 osculo,
1084 1982 1238 2076 pntomae
1265 1986 1395 2076 gratioe

410 2104 643 2198 postoralique
679 2102 837 2195 ejusdem
868 2101 1108 2176 benedictioni
1134 2103 1310 2177 addicere.
1344 2145 1394 2159 -

411 2226 644 2311 cernantur
666 2212 1034 2319 augustidunoldilss
1054 2266 1104 2279 —
1380 2298 1382 2306 ,

458 2346 605 2418 Litteras
622 2346 739 2433 husee,
765 2347 801 2418 iu
827 2357 977 2441 quatuor
1001 2357 1036 2418 et
1062 2348 1218 2443 amplius
1234 2358 1397 2421 extensas

412 2470 570 2565 philonis,
589 2471 646 2542 hic
661 2471 1106 2566 compendi0·pressns,per
1119 2468 1295 2542 Andream
1309 2472 1395 2543 Kra-

412 2591 603 2677 sovsoium,
632 2593 829 2665 Ruthennm
858 2592 1134 2687 Leopolitunum,
1161 2592 1205 2663 ad
1231 2592 1396 2688 Cyrillum

412 2712 643 2807 patriarcham
656 2714 877 2798 Smotriscius
893 2714 985 2787 misit
997 2714 1181 2808 etsaepius;
1194 2734 1396 2807 responsum

411 2843 552 2928 petente
568 2834 785 2924 Krasovscio,
805 2836 841 2909 id
856 2844 995 2909 tantum
1007 2835 1052 2908 ab
1065 2857 1108 2908 eo
1125 2835 1295 2921 retulisse,
1310 2834 1397 2921 deli,-

411 2956 534 3027 berute
551 2955 598 3028 ad
617 2978 677 3029 ees
698 2979 774 3029 esse
796 2958 1090 3055 respondendum.
1117 2961 1160 3031 tlt
1185 2967 1397 3029 tamencum

414 3094 492 3179 post
526 3083 715 3157 discessum
758 3084 980 3171 internuntii,
1017 3106 1147 3157 anuum
1188 3083 1398 3156 deliberaret

410 3207 526 3294 ulium,
556 3207 640 3279 nihil
666 3206 858 3303 respondit,
881 3219 919 3279 ut
942 3207 1165 3281 Smotriscius
1195 3208 1241 3279 ud
1266 3206 1398 3279 sodali-

413 3327 498 3400 tium
513 3328 670 3401 scribcus
686 3331 850 3403 Vilnense
865 3332 924 3403 nit.
946 3329 1045 3402 Unde
1058 3352 1097 3402 se
1110 3330 1303 3422 collegisse,
1322 3350 1395 3399 res·

412 3418 557 3545 pensum
570 3453 601 3543 ej
606 3474 659 3538 us,
668 3453 724 3525 vel
737 3454 772 3523 iu
786 3453 873 3524 illud
885 3452 1078 3525 desiturum
1093 3451 1302 3547 :parturiunt
1308 3476 1397 3523 mon-

414 3585 480 3656 tcs,·
493 3573 608 3645 velud
621 3595 769 3675 groseas,
786 3585 822 3647 ut
841 3575 952 3666 ajunt,
969 3577 1120 3647 futurum
1135 3574 1312 3658 calendas,
