4100 6009
1092 978 1255 1043 ..80-

679 1208 718 1260 uc
739 1187 784 1258 de
800 1187 1001 1281 Cathochesi
1020 1187 1065 1258 ab
1087 1187 1163 1281 ipso
1184 1207 1305 1259 recens
1326 1185 1421 1259 edita
1444 1190 1657 1282 quaesivisse.

681 1307 1662 1406 Uttanquamdiscipulusejusquondam,collatoetiam-

571 1408 578 1415 ¹
680 1456 763 1504 num
785 1434 867 1505 vivo
886 1454 964 1505 cum
986 1452 1029 1504 eo
1050 1453 1225 1519 sermone,
1248 1430 1293 1504 de
1319 1433 1424 1507 rebus
1444 1432 1527 1508 fidoi
1548 1435 1582 1505 in
1608 1434 1662 1506 his

681 1558 778 1629 libris
793 1557 978 1643 contentis,
998 1556 1035 1628 in
1051 1556 1200 1651 patriam
1219 1556 1349 1628 rediret
1364 1558 1516 1650 quietus,
1531 1568 1566 1630 ot
1581 1578 1663 1630 suos

680 1677 893 1751 contribules
910 1678 955 1750 de
976 1679 1018 1750 iis
1038 1676 1213 1751 edoceret.
1234 1675 1332 1763 Quod
1354 1699 1434 1750 cum
1455 1700 1522 1750 non
1544 1677 1662 1751 conti-

680 1803 786 1897 gisset
799 1804 976 1899 praesenti,
988 1802 1124 1875 absenti
1138 1800 1251 1889 lieret,
1267 1823 1330 1897 per
1347 1802 1478 1875 litteras
1488 1823 1601 1876 orare.

682 2014 686 2023 Ι
730 1925 841 1999 Dubia
857 1925 1021 2010 fidei,cor
1034 1948 1134 1997 suum
1149 1924 1303 2019 graviter
1320 1925 1537 2018 praementia,
1557 1948 1663 2002 crea-

681 2048 774 2121 visse
805 2048 987 2143 epistolam
1019 2047 1097 2137 ejus
1126 2046 1171 2121 ad
1200 2045 1411 2119 Demetrium
1432 2047 1660 2135 Sulilrovium,

676 2174 979 2269 archiepiscopum
990 2172 1266 2266 Leopolitanum,
1280 2170 1300 2241 l
1312 2169 1561 2262 junuariianno
1570 2174 1583 2242 l
1593 2173 1657 2243 dol

681 2293 811 2367 datam.
832 2295 923 2367 Ante
938 2294 1037 2385 cujus
1053 2293 1222 2379 notitiam,
1239 2292 1317 2385 quis
1339 2292 1454 2379 luerit,
1475 2290 1665 2363 laurentum

680 2438 781 2492 suum
794 2417 844 2489 illi
857 2428 974 2490 notum
988 2416 1121 2503 testari;
1137 2415 1232 2510 quod
1245 2415 1426 2489 virulentis
1436 2416 1662 2491 LutheriCel-

681 2537 821 2632 vinique
834 2550 989 2612 assueret
1001 2539 1233 2631 dogmatibus.
1255 2536 1300 2607 At
1312 2537 1491 2632 epistolam
1509 2538 1586 2629 ejus
1603 2548 1663 2610 to-

680 2670 750 2732 tam
769 2662 971 2735 catholicam
987 2684 1087 2749 csse;
1108 2662 1142 2733 in
1162 2682 1231 2756 qua
1248 2658 1419 2732 adventus
1436 2660 1489 2731 sui
1512 2660 1548 2731 in
1569 2662 1660 2733 llus·
1783 2653 1789 2665 '

682 2781 768 2854 siam
784 2785 963 2878 explicans
979 2786 1142 2870 rationes,
1163 2796 1296 2857 asserat
1314 2810 1321 2853 :
1342 2781 1437 2853 Scire
1451 2803 1490 2853 se
1505 2780 1615 2877 probe
1629 2796 1664 2855 ct

682 2905 894 2998 patriarchas
905 2928 997 2994 suos,
1008 2928 1029 2979 a
1041 2906 1168 3001 quibus
1180 2906 1215 2995 in
1229 2905 1406 2977 Poloniam
1419 2904 1544 2977 missus
1557 2918 1659 2992 esset,

681 3030 960 3124 evangelicorum
973 3030 1138 3125 dogmata
1153 3040 1189 3101 et
1205 3028 1357 3101 actiones
1375 3049 1446 3100 non
1465 3030 1576 3101 solum
1598 3052 1662 3102 ec-

683 3154 800 3228 clesiae
815 3155 975 3229 orientali
995 3165 1031 3228 et
1046 3154 1252 3229 occidentali
1266 3154 1480 3227 turbationes
1495 3166 1530 3227 et
1546 3158 1663 3251 perni-

682 3280 767 3352 cicm
785 3280 969 3367 excitasse,
992 3302 1116 3356 verum
1134 3282 1239 3355 etiam
1256 3302 1391 3353 morum
1407 3282 1662 3375 corruptionem

684 3403 878 3477 induxisse.
909 3404 952 3475 Et
984 3413 1062 3497 post
1090 3424 1199 3498 pauca
1224 3431 1231 3473 :
1254 3403 1444 3477 Haereticos
1460 3406 1659 3499 Europaeos,

682 3529 763 3601 odio
780 3530 941 3602 llomanae
954 3530 1113 3601 ecclesie
1125 3529 1254 3624 saepius
1271 3540 1422 3601 tentasse
1442 3531 1661 3605 concordiam

683 3675 761 3725 cum
785 3651 1030 3738 orientalibus,
1049 3674 1114 3725 nec
1139 3662 1337 3746 susceptos;
1362 3674 1442 3725 eum
1465 3654 1514 3724 illi
1532 3663 1662 3727 tantum

684 3778 719 3848 iu
736 3776 806 3847 fide
819 3798 899 3847 cum
912 3775 1055 3861 Graecis,
1075 3786 1241 3867 quantum
1257 3773 1370 3849 Judaei
1382 3786 1418 3847 et
1433 3776 1661 3849 Mabometaui

682 3901 887 3973 coalescant.
906 3899 944 3969 ln
961 3896 1135 3993 capitibus
1147 3918 1232 3971 vcro
1245 3894 1341 3985 fidei,
1356 3897 1488 3971 ordinis
1501 3897 1663 3971 videlicet

683 4020 900 4114 antiquitate,
925 4018 1180 4105 traditionibus,
1202 4020 1343 4091 Patrum
1362 4019 1578 4105 auctoritate,
1599 4040 1662 4091 oa-

682 4140 814 4213 nonicis
841 4140 1037 4235 scripturis,
1057 4139 1374 4227 observationibus,
1400 4138 1659 4232 iustificatione,

684 4264 799 4336 missae
812 4262 991 4350 sacrificio,
1011 4266 1212 4339 Sanctorum
1232 4277 1266 4337 ot
1286 4266 1505 4358 reliquiarum
1522 4267 1663 4339 Beate-

682 4406 750 4479 que
773 4386 925 4479 Virginis
944 4388 1188 4475 veneratione,
1208 4400 1243 4459 ct
1258 4389 1334 4461 aliis
1352 4388 1553 4461 dissideant.
1572 4389 1659 4474 Quae

1100 4555 1119 4589 O
