4100 6009
705 961 710 968 .
797 900 959 964 -81-

387 1107 585 1182 vero'inter
608 1107 812 1178 orientalem
839 1116 875 1177 et
904 1107 1153 1179 occidentatem
1186 1110 1364 1181 ecclesiam

386 1228 851 1326 disceptabiliavidereutur,
872 1227 1104 1301 indoctiorem
1125 1228 1266 1322 quidem
1288 1231 1365 1301 ittu-

385 1353 519 1424 sionem
533 1351 660 1437 videri,
683 1351 772 1423 iuter
787 1350 961 1424 doctiores
979 1372 1065 1423 uero
1089 1350 1187 1423 facile
1203 1351 1364 1423 eumdem

385 1496 431 1547 ax
445 1475 488 1547 iis
500 1497 640 1550 sensum
652 1474 742 1546 elici.
762 1474 839 1547 Nou
849 1473 1016 1546 detestari
1032 1474 1171 1547 Graecos
1189 1474 1281 1545 Petri
1297 1475 1365 1547 Se-

377 1596 480 1697 dem,
504 1596 567 1669 sed
582 1596 701 1669 debita
715 1596 937 1667 veneratione
955 1595 1131 1691 prosequi,
1150 1595 1366 1691 primamque

384 1730 420 1790 et
437 1733 599 1815 tauquam
615 1733 759 1793 matrem
771 1742 970 1813 agnoscere.
992 1722 1101 1793 Unam
1115 1720 1293 1814 utriusque
1308 1743 1364 1793 ec-

386 1845 502 1918 clesiae
518 1866 595 1918 esse
610 1843 728 1930 fidem,
749 1865 856 1915 unum
869 1844 1052 1938 baptisma,
1067 1865 1170 1916 unam
1189 1844 1225 1915 in
1242 1844 1367 1917 Triade

385 1982 505 2043 sancto
516 1980 687 2055 naturam,
703 1970 1001 2064 omnipotentiam,
1016 1968 1247 2056 divinitatem,
1262 1985 1365 2045 unam

385 2114 482 2187 spem
499 2093 736 2165 vocationiset
752 2092 944 2179 caritatem3
962 2113 1162 2164 communes
1175 2093 1361 2179 orationes,

385 2214 520 2287 eadem·
536 2225 765 2300 sacramenta,
791 2214 985 2308 evangelia,
1012 2224 1226 2308 caeterasque
1248 2215 1366 2310 scrip-

385 2348 500 2422 turas,
515 2336 674 2409 eamdem
683 2338 821 2408 Patrum
833 2316 1266 2430 utrobiqueauctoritatem
1275 2346 1360 2409 ete:

386 2469 423 2531 ut
442 2458 566 2531 mento
583 2460 618 2531 in
634 2459 865 2531 fondamentis
876 2458 1048 2532 doctrinm
1066 2458 1277 2545 christiana,
1294 2482 1364 2533 non

388 2593 455 2654 tam
470 2584 706 2655 controversia
721 2592 781 2653 aut
799 2582 1036 2669 contmrietas,
1055 2602 1161 2675 quam
1182 2581 1367 2658 diversitas

385 2704 546 2799 quaedam
565 2704 756 2789 nationum,
777 2726 906 2798 graecae
926 2714 962 2776 et
981 2703 1113 2789 latium,
1133 2712 1167 2773 et
1184 2706 1367 2797 peculiaris

384 2827 581 2899 obseruatio
588 2837 623 2898 et
633 2826 811 2921 usurpatio
820 2826 934 2896 tuerit.
947 2826 1031 2898 Haec
1040 2825 1179 2918 iusuper
1194 2824 1229 2896 in
1244 2825 1367 2898 eadem

384 2948 515 3021 addere
534 2949 679 3043 epistola
703 2976 711 3019 :
735 2949 780 3019 Se
797 2948 1018 3020 obedientem
1048 2947 1156 3041 regiae
1180 2946 1367 3037 majestatis

384 3072 631 3157 admonitioni,
657 3095 705 3144 ex
730 3072 797 3144 hoc
822 3094 929 3166 reguo
954 3070 1136 3144 discedere
1158 3081 1192 3141 et
1216 3070 1262 3142 ad
1286 3094 1366 3146 suos

384 3195 541 3290 regredi;
563 3196 666 3268 etita
689 3194 858 3288 profiteri,
877 3194 964 3266 nihil
986 3216 1024 3266 se
1048 3214 1151 3285 agere
1169 3205 1228 3265 aut
1249 3197 1368 3267 conari

385 3319 547 3407 voluisse,
563 3340 666 3413 quarn
688 3330 726 3391 ut
745 3320 836 3390 inter
851 3340 923 3405 eos,
950 3318 1011 3412 qui
1034 3318 1198 3390 unitatem
1224 3320 1368 3413 cupiunt

386 3462 427 3512 ac
440 3440 657 3535 profitentur,
673 3452 778 3534 atque
794 3440 872 3513 ilios
887 3440 997 3535 quiin
1015 3462 1058 3511 ea
1075 3461 1143 3512 non
1156 3450 1248 3526 suut,
1264 3452 1299 3512 et
1313 3442 1367 3536 pie

383 3563 551 3635 sefacere
569 3563 733 3650 credunt,
756 3576 794 3638 et
814 3586 950 3635 summa
967 3562 1024 3635 ilia
1041 3563 1151 3658 capita
1173 3584 1236 3635 sua
1253 3564 1362 3657 respi-

384 3686 527 3772 cientes,
543 3685 633 3757 inter
649 3685 779 3781 seipsos
793 3707 863 3758 non
878 3686 1102 3773 conveniunt,
1117 3697 1153 3756 et
1164 3686 1277 3779 pdtius
1294 3685 1366 3757 hae·

254 3836 264 3857 ·
386 3811 501 3883 reticis
521 3811 698 3885 erroribus
718 3812 951 3897 consentiunt,
979 3832 1049 3905 pax
1069 3811 1185 3905 aliqua
1208 3819 1243 3881 et
1265 3831 1367 3904 sym-

329 3976 342 4001 .
383 3932 515 4026 phonia
541 3933 671 4005 institui
693 3935 897 4028 potuissent.
933 3933 1020 4018 Quae
1037 3932 1193 4026 epistola,
1213 3931 1241 4002 si
1267 3930 1369 4002 citius

385 4053 450 4130 sibi
459 4056 677 4141 innotuisset,
692 4076 869 4151 nunquam
882 4058 1074 4127 &mutum
1086 4076 1186 4129 suum
1203 4054 1237 4124 iu
1255 4055 1367 4126 tucem

387 4177 740 4272 proditurum'tuisse.
766 4178 880 4275 Atque
904 4180 994 4254 adeo
1019 4201 1097 4252 cum
1123 4178 1249 4272 scripta
1270 4175 1368 4248 Gen-

387 4302 479 4374 nadii
494 4324 563 4374 non
581 4304 917 4399 supermanantem
934 4304 1006 4397 igni
1026 4300 1162 4387 tradita,
1180 4300 1367 4373 Cathcche-
