4100 6009
2160 901 2485 965 ...32—

1346 1113 1733 1198 invisibiliS,
1798 1112 2094 1181 humano
2131 1110 2434 1203 benigne
2465 1108 2758 1180 vestitus
2791 1106 3300 1202 paludamento,

1346 1236 1650 1331 conspici
1705 1232 1945 1306 voluit.
2000 1231 2104 1303 lbi
2138 1232 2266 1303 fuit
2299 1230 2419 1304 ubi
2455 1230 2845 1326 unigenitus
2904 1231 3054 1319 Dei,
3120 1231 3311 1301 Deus

1347 1358 1679 1443 Verbum,
1714 1355 1805 1427 de
1850 1354 2216 1449 purissima
2275 1362 2480 1426 natus
2529 1363 2636 1425 est
2691 1353 2980 1447 Virgine
3016 1375 3033 1420 :
3069 1350 3188 1425 ubi
3214 1349 3310 1423 de

1346 1482 1731 1578 profluente
1785 1479 2171 1575 baptizatus
2227 1486 2333 1551 est
2386 1478 2670 1550 flumine
2739 1506 2756 1549 :
2826 1478 2946 1573 nbi
3005 1477 3310 1549 salutare

1346 1626 1547 1676 sunm
1572 1602 2038 1699 promulgavit
2064 1600 2502 1695 evangelium
2540 1627 2554 1670 ε
2588 1598 2709 1672 ubi
2733 1600 3040 1673 caelestia
3053 1618 3305 1672 arcana

1350 1724 1628 1812 docuit,
1656 1724 2151 1818 miraculisque
2175 1722 2434 1797 mundo
2471 1723 2615 1796 suis
2646 1733 2892 1817 potens
2927 1720 3249 1794 inclaruit
3282 1746 3312 1790 :-

1350 1849 1472 1921 ubi
1502 1869 1869 1945 perpessus
1892 1858 1999 1919 est
2031 1857 2104 1919 et
2131 1846 2459 1920 occubuit
2500 1869 2516 1913 ε
2559 1845 2680 1917 ubi
2702 1846 3003 1939 gloriose
3035 1842 3309 1916 redivi-

1353 1992 1475 2044 vus
1500 1970 1963 2059 consurrexit,
2005 1972 2354 2065 caelosque
2412 1969 2866 2064 triumphator
2893 1966 3306 2054 ascendens,

1351 2116 1394 2166 a
1450 2094 1719 2168 dextris
1779 2093 1998 2167 Patris
2056 2093 2304 2167 aeterni
2360 2091 2698 2166 consedit.
2770 2092 3007 2186 anue
3071 2100 3311 2166 sancta

1351 2218 1656 2292 invisens
1724 2219 1877 2290 loca
1900 2275 1918 2305 ,
1979 2228 2215 2289 mente
2259 2216 2657 2310 cogitabilia
2710 2216 3178 2288 calceamenta
3216 2213 3310 2288 de

1354 2342 1649 2437 pedibus
1680 2342 1937 2416 animae
1991 2341 2199 2414 solvit
2238 2364 2253 2408 :
2292 2342 2553 2426 osculo,
2591 2339 3012 2433 quojustitia
3035 2348 3105 2412 et
3137 2361 3299 2434 pax,

1350 2466 1794 2539 obviantibus
1825 2465 1958 2538 sibi
1983 2464 2456 2539 misericordia
2490 2475 2562 2538 et
2597 2465 2918 2553 veritate,
2957 2466 3311 2539 osculatus

1352 2597 1484 2660 est.
1533 2588 1895 2660 Osculatus
1926 2596 2031 2660 est
2073 2589 2496 2682 speluncam,
2562 2588 2633 2659 in
2665 2609 2806 2681 qua
2851 2589 3319 2684 sempiternus

1355 2709 1480 2783 Dei
1521 2708 1709 2781 filius
1757 2711 1965 2805 paulo
2020 2710 2250 2782 minus
2296 2711 2386 2782 ab
2427 2710 2715 2802 Angelis
2742 2708 3048 2783 minutus
3096 2732 3311 2806 appa-

1353 2834 1531 2921 ruit;
1570 2845 1642 2906 et
1666 2856 1980 2930 praesepe
2004 2834 2074 2906 in
2107 2855 2247 2928 quo
2302 2834 2534 2907 fasciis
2562 2833 2936 2920 involutuS,
2975 2843 3052 2906 ut
3083 2854 3212 2906 rex
3239 2835 3317 2905 in·

1301 2932 1315 2948 “
1354 2956 1823 3045 tabernaculo,
1860 2958 2204 3033 accubuit.
2267 2957 2492 3053 Aquis
2550 2954 2870 3030 Iordanis
2933 2958 3314 3053 prospersit

1356 3098 1459 3166 se,
1513 3078 1586 3149 in
1648 3079 1904 3173 quibus
1945 3078 2063 3151 ille
2118 3079 2497 3152 draconum
2544 3078 2869 3152 contrivit
2924 3078 3175 3174 capita.
3213 3080 3317 3151 De

1359 3200 1665 3273 fontibus
1689 3199 1883 3273 hisce
1906 3202 2286 3275 salvatoris
2315 3201 2636 3274 uberiore
2661 3223 2819 3274 cum
2843 3200 3086 3272 solatio
3108 3197 3307 3285 bibit,

1358 3343 1451 3394 ex
1487 3323 1743 3417 quibus
1773 3324 2028 3397 saliens
2081 3325 2152 3397 in
2186 3324 2399 3397 vitam
2454 3335 2788 3397 aeternam
2824 3343 3002 3416 aqua
3036 3321 3316 3417 prosili-

1362 3446 1490 3516 vit.
1552 3444 1811 3518 Locum
1866 3443 2335 3520 crucifixionis
2368 3504 2386 3532 ,
2453 3443 2908 3540 depositionis
2928 3501 2945 3531 ‚
3019 3445 3316 3540 sepulcri

1365 3570 1672 3664 insuper,
1725 3579 1798 3643 et
1838 3582 2146 3643 montem
2207 3570 2487 3656 Oliveti‚
2553 3568 2826 3664 aliaque
2877 3591 2919 3641 a
2962 3569 3319 3661 Salvator-e

1365 3713 1605 3789 pacem
1652 3694 2174 3788 evangelizante
2203 3692 2660 3767 dissuaviatus
2675 3702 2803 3765 est.
2844 3692 3141 3765 Necnon
3170 3694 3321 3766 Vir-

1370 3814 1548 3906 ginis
1578 3824 1649 3886 et
1679 3815 1922 3889 Matris
1953 3815 2078 3888 Dei
2135 3815 2432 3888 viventis
2464 3814 2847 3910 sepulcrale
2908 3815 2980 3885 in
3026 3812 3323 3886 Gethse-

1365 3936 1552 4008 mani
1582 3938 1957 4011 triclinium
1987 3939 2252 4011 intimis
2296 3938 2507 4011 animi
2539 3937 2978 4033 amplexibus
3028 3955 3325 4009 venera-

1364 4064 1475 4127 tus
1540 4068 1666 4129 est.
1745 4060 1842 4131 De
1902 4059 2179 4155 quibuS,
2257 4069 2583 4154 tanquam
2647 4059 2828 4132 diem
2902 4058 3173 4130 Domini
3255 4066 3326 4127 et

1361 4182 1665 4276 Virginis
1729 4182 2026 4278 propriis
2085 4182 2375 4255 vidisset
2430 4183 2647 4255 oculis
2670 4241 2685 4269 ,
2749 4181 3006 4276 gaudio
3078 4200 3327 4273 magno

1359 4306 1642 4400 gavisus
1720 4313 1848 4377 est.
1935 4306 2009 4376 In
2079 4307 2401 4380 omnibus
2470 4329 2638 4380 vero
2707 4305 2936 4398 gentis
2990 4291 3327 4378 Rutlienae
